time,price,volume
09:20:43.172,175.2,100.0
09:20:43.172,175.2,400.0
09:20:43.172,175.2,100.0
09:20:43.172,175.2,100.0
09:20:43.172,175.2,300.0
09:20:43.172,175.2,100.0
09:20:43.172,175.2,100.0
09:20:43.172,175.2,100.0
09:20:43.172,175.2,100.0
09:20:43.172,175.2,800.0
09:20:43.172,175.2,500.0
09:20:43.172,175.2,300.0
09:20:43.172,175.2,400.0
09:20:43.172,175.2,1100.0
09:20:43.172,175.2,500.0
09:20:43.172,175.2,300.0
09:20:43.172,175.2,1300.0
09:20:43.173,175.2,100.0
09:20:43.173,175.2,1300.0
09:20:43.173,175.2,1600.0
09:20:43.173,175.2,400.0
09:20:43.173,175.2,200.0
09:20:43.173,175.2,900.0
09:20:43.173,175.2,500.0
09:20:43.173,175.2,1000.0
09:20:43.173,175.2,500.0
09:20:43.173,175.2,5800.0
09:20:43.173,175.2,6800.0
09:20:43.173,175.2,1200.0
09:20:43.173,175.2,500.0
09:20:43.173,175.2,100.0
09:20:43.177,175.2,100.0
09:20:43.177,175.2,900.0
09:20:43.177,175.2,100.0
09:20:43.177,175.2,100.0
09:20:43.177,175.2,100.0
09:20:43.177,175.2,700.0
09:20:43.177,175.2,100.0
09:20:43.177,175.2,3900.0
09:20:43.177,175.2,400.0
09:20:43.177,175.2,2900.0
09:20:43.177,175.2,1200.0
09:20:43.177,175.2,1800.0
09:20:43.177,175.2,1700.0
09:20:43.177,175.2,5400.0
09:20:43.177,175.2,200.0
09:20:43.177,175.2,100.0
09:20:43.177,175.2,400.0
09:20:43.178,175.2,11500.0
09:20:43.178,175.2,200.0
09:20:43.178,175.2,500.0
09:20:43.178,175.2,100.0
09:20:43.178,175.2,2700.0
09:20:43.178,175.2,200.0
09:20:43.178,175.2,11500.0
09:20:43.178,175.2,300.0
09:20:43.178,175.2,100.0
09:20:43.178,175.2,200.0
09:20:43.178,175.2,100.0
09:20:43.178,175.2,100.0
09:20:43.178,175.2,100.0
09:20:43.178,175.2,400.0
09:20:43.181,175.2,100.0
09:20:43.181,175.2,100.0
09:20:43.181,175.2,200.0
09:20:43.181,175.2,300.0
09:20:43.181,175.2,200.0
09:20:43.181,175.2,6700.0
09:20:43.181,175.2,4000.0
09:20:43.181,175.2,8700.0
09:20:43.181,175.2,2600.0
09:20:43.181,175.2,1800.0
09:20:43.181,175.2,300.0
09:20:43.181,175.2,3400.0
09:20:43.181,175.2,600.0
09:20:43.181,175.2,200.0
09:20:43.181,175.2,5200.0
09:20:43.181,175.2,200.0
09:20:43.181,175.2,100.0
09:20:43.181,175.2,100.0
09:20:43.181,175.2,100.0
09:20:43.181,175.2,400.0
09:20:43.181,175.2,4000.0
09:20:43.181,175.2,1200.0
09:20:43.181,175.2,500.0
09:20:43.181,175.2,300.0
09:20:43.181,175.2,100.0
09:20:43.181,175.2,300.0
09:20:43.181,175.2,200.0
09:20:43.181,175.2,200.0
09:20:43.181,175.2,100.0
09:20:43.181,175.2,400.0
09:20:43.186,175.2,100.0
09:20:43.186,175.2,100.0
09:20:43.186,175.2,100.0
09:20:43.186,175.2,100.0
09:20:43.186,175.2,3200.0
09:20:43.186,175.2,500.0
09:20:43.186,175.2,100.0
09:20:43.186,175.2,100.0
09:20:43.186,175.2,100.0
09:20:43.186,175.2,200.0
09:20:43.186,175.2,100.0
09:20:43.186,175.2,100.0
09:20:43.186,175.2,200.0
09:20:43.186,175.2,100.0
09:20:43.186,175.2,3200.0
09:20:43.186,175.2,200.0
09:20:43.186,175.2,300.0
09:20:43.186,175.2,3000.0
09:20:43.186,175.2,300.0
09:20:43.186,175.2,100.0
09:20:43.186,175.2,2500.0
09:20:43.186,175.2,100.0
09:20:43.186,175.2,100.0
09:20:43.186,175.2,1600.0
09:20:43.186,175.2,100.0
09:20:43.186,175.2,100.0
09:20:43.186,175.2,300.0
09:20:43.186,175.2,100.0
09:20:43.186,175.2,100.0
09:20:43.186,175.2,100.0
09:20:43.187,175.2,400.0
09:20:43.187,175.2,900.0
09:20:43.187,175.2,100.0
09:20:43.187,175.2,200.0
09:20:43.187,175.2,5000.0
09:20:43.187,175.2,3700.0
09:20:43.187,175.2,6900.0
09:20:43.187,175.2,300.0
09:20:43.187,175.2,11000.0
09:20:43.187,175.2,7300.0
09:20:43.187,175.2,2900.0
09:20:43.187,175.2,600.0
09:20:43.187,175.2,100.0
09:20:43.187,175.2,3000.0
09:20:43.187,175.2,3900.0
09:20:43.187,175.2,3600.0
09:20:43.187,175.2,3400.0
09:20:43.187,175.2,500.0
09:20:43.187,175.2,100.0
09:20:43.187,175.2,600.0
09:20:43.187,175.2,300.0
09:20:43.187,175.2,100.0
09:20:43.187,175.2,100.0
09:20:43.187,175.2,2100.0
09:20:43.187,175.2,1000.0
09:20:43.187,175.2,400.0
09:20:43.187,175.2,1400.0
09:20:43.187,175.2,2500.0
09:20:43.187,175.2,3800.0
09:20:43.187,175.2,200.0
09:20:43.188,175.2,100.0
09:20:43.188,175.2,1000.0
09:20:43.188,175.2,7500.0
09:20:43.188,175.2,800.0
09:20:43.188,175.2,300.0
09:20:43.188,175.2,200.0
09:20:43.188,175.2,100.0
09:20:43.188,175.2,100.0
09:20:43.188,175.2,100.0
09:20:43.188,175.2,500.0
09:20:43.188,175.2,500.0
09:20:43.188,175.2,1200.0
09:20:43.188,175.2,500.0
09:20:43.188,175.2,400.0
09:20:43.188,175.2,700.0
09:20:43.188,175.2,400.0
09:20:43.188,175.2,100.0
09:20:43.188,175.2,100.0
09:20:43.188,175.2,100.0
09:20:43.188,175.2,100.0
09:20:43.188,175.2,100.0
09:20:43.188,175.2,100.0
09:20:43.188,175.2,200.0
09:20:43.188,175.2,100.0
09:20:43.188,175.2,100.0
09:20:43.188,175.2,400.0
09:20:43.188,175.2,100.0
09:20:43.188,175.2,1000.0
09:20:43.188,175.2,100.0
09:20:43.188,175.2,1000.0
09:20:43.194,175.2,500.0
09:20:43.194,175.2,100.0
09:20:43.194,175.2,3000.0
09:20:43.194,175.2,500.0
09:20:43.194,175.2,400.0
09:20:43.194,175.2,700.0
09:20:43.194,175.2,3000.0
09:20:43.194,175.2,1200.0
09:20:43.194,175.2,3000.0
09:20:43.194,175.2,600.0
09:20:43.194,175.2,100.0
09:20:43.194,175.2,200.0
09:20:43.194,175.2,5600.0
09:20:43.194,175.2,24400.0
09:20:43.194,175.2,3000.0
09:20:43.194,175.2,17000.0
09:20:43.194,175.2,500.0
09:20:43.194,175.2,500.0
09:20:43.194,175.2,500.0
09:20:43.194,175.2,500.0
09:20:43.194,175.2,500.0
09:20:43.194,175.2,500.0
09:20:43.194,175.2,100.0
09:20:43.194,175.2,5000.0
09:20:43.194,175.2,100.0
09:20:43.194,175.2,100.0
09:20:43.194,175.2,2400.0
09:20:43.194,175.2,1300.0
09:20:43.194,175.2,2400.0
09:20:43.194,175.2,3800.0
09:20:43.195,175.2,1700.0
09:20:43.195,175.2,100.0
09:20:43.195,175.2,100.0
09:20:43.195,175.2,200.0
09:20:43.195,175.2,4000.0
09:20:43.195,175.2,400.0
09:20:43.195,175.2,2100.0
09:20:43.195,175.2,5000.0
09:20:43.195,175.2,4600.0
09:20:43.195,175.2,8500.0
09:20:43.195,175.2,100.0
09:20:43.195,175.2,3400.0
09:20:43.195,175.2,11500.0
09:20:43.195,175.2,4400.0
09:20:43.195,175.2,3600.0
09:20:43.195,175.2,4700.0
09:20:43.195,175.2,3500.0
09:20:43.195,175.2,4900.0
09:20:43.195,175.2,200.0
09:20:43.195,175.2,12200.0
09:20:43.195,175.2,2300.0
09:20:43.195,175.2,3600.0
09:20:43.195,175.2,2400.0
09:20:43.195,175.2,4900.0
09:20:43.195,175.2,3000.0
09:20:43.195,175.2,3000.0
09:20:43.195,175.2,2400.0
09:20:43.195,175.2,3200.0
09:20:43.195,175.2,31500.0
09:20:43.195,175.2,2300.0
09:20:43.200,175.2,2000.0
09:20:43.201,175.2,400.0
09:20:43.201,175.2,100.0
09:20:43.201,175.2,1100.0
09:20:43.201,175.2,2400.0
09:20:43.201,175.2,1100.0
09:20:43.201,175.2,1200.0
09:20:43.201,175.2,5000.0
09:20:43.201,175.2,5000.0
09:20:43.201,175.2,500.0
09:20:43.201,175.2,100.0
09:20:43.201,175.2,100.0
09:20:43.201,175.2,100.0
09:20:43.201,175.2,1200.0
09:20:43.201,175.2,19500.0
09:20:43.201,175.2,1200.0
09:20:43.201,175.2,200.0
09:20:43.201,175.2,1200.0
09:20:43.201,175.2,3100.0
09:20:43.201,175.2,1100.0
09:20:43.201,175.2,5400.0
09:20:43.201,175.2,1000.0
09:20:43.201,175.2,200.0
09:20:43.201,175.2,1200.0
09:20:43.201,175.2,1800.0
09:20:43.201,175.2,600.0
09:20:43.201,175.2,1200.0
09:20:43.201,175.2,1100.0
09:20:43.201,175.2,5000.0
09:20:43.201,175.2,1000.0
09:20:43.201,175.2,200.0
09:20:43.201,175.2,300.0
09:20:43.201,175.2,10000.0
09:20:43.201,175.2,1200.0
09:20:43.201,175.2,2400.0
09:20:43.201,175.2,23000.0
09:20:43.201,175.2,200.0
09:20:43.201,175.2,1200.0
09:20:43.201,175.2,9900.0
09:20:43.201,175.2,200.0
09:20:43.201,175.2,1000.0
09:20:43.201,175.2,2900.0
09:20:43.201,175.2,2000.0
09:20:43.201,175.2,200.0
09:20:43.201,175.2,200.0
09:20:43.201,175.2,100.0
09:20:43.201,175.2,300.0
09:20:43.201,175.2,2100.0
09:20:43.201,175.2,2200.0
09:20:43.201,175.2,200.0
09:20:43.201,175.2,1200.0
09:20:43.201,175.2,1200.0
09:20:43.201,175.2,2300.0
09:20:43.201,175.2,500.0
09:20:43.201,175.2,3900.0
09:20:43.201,175.2,1100.0
09:20:43.201,175.2,100.0
09:20:43.201,175.2,200.0
09:20:43.201,175.2,1200.0
09:20:43.201,175.2,1600.0
09:20:43.206,175.2,15900.0
09:20:43.206,175.2,2500.0
09:20:43.206,175.2,500.0
09:20:43.206,175.2,1000.0
09:20:43.206,175.2,200.0
09:20:43.206,175.2,1200.0
09:20:43.206,175.2,2700.0
09:20:43.206,175.2,2300.0
09:20:43.206,175.2,1200.0
09:20:43.206,175.2,1500.0
09:20:43.206,175.2,1000.0
09:20:43.206,175.2,1100.0
09:20:43.206,175.2,2400.0
09:20:43.206,175.2,3000.0
09:20:43.206,175.2,2600.0
09:20:43.206,175.2,900.0
09:20:43.207,175.2,100.0
09:30:00.302,174.8,90.0
09:30:00.342,175.2,500.0
09:30:00.342,175.2,200.0
09:30:00.342,175.2,200.0
09:30:00.346,175.2,1100.0
09:30:00.506,176.0,100.0
09:30:00.506,176.0,100.0
09:30:00.506,176.0,100.0
09:30:00.506,176.0,700.0
09:30:00.506,176.0,300.0
09:30:00.506,176.0,200.0
09:30:00.506,176.2,500.0
09:30:00.506,176.0,200.0
09:30:00.622,175.9,600.0
09:30:00.931,175.9,500.0
09:30:01.110,176.6,100.0
09:30:01.111,176.6,200.0
09:30:01.178,176.0,1500.0
09:30:01.178,176.0,200.0
09:30:01.178,176.0,200.0
09:30:01.178,176.0,400.0
09:30:01.178,175.9,200.0
09:30:01.178,175.9,300.0
09:30:01.178,175.9,200.0
09:30:01.178,175.9,200.0
09:30:01.178,175.9,800.0
09:30:01.182,175.9,700.0
09:30:01.182,175.9,200.0
09:30:01.186,175.8,100.0
09:30:01.186,175.8,100.0
09:30:01.186,175.8,100.0
09:30:01.242,175.9,200.0
09:30:01.298,176.0,100.0
09:30:01.462,175.9,200.0
09:30:01.594,175.9,300.0
09:30:01.595,175.9,100.0
09:30:01.595,175.9,200.0
09:30:01.595,175.9,100.0
09:30:01.595,175.9,100.0
09:30:01.595,175.9,1000.0
09:30:01.595,175.8,600.0
09:30:01.595,175.8,200.0
09:30:01.595,175.8,500.0
09:30:01.595,175.8,200.0
09:30:01.595,175.8,200.0
09:30:01.595,175.2,100.0
09:30:01.606,176.3,400.0
09:30:01.607,176.3,600.0
09:30:01.607,176.3,400.0
09:30:01.634,176.0,2500.0
09:30:01.634,175.9,200.0
09:30:01.634,175.2,200.0
09:30:01.722,175.2,800.0
09:30:01.810,175.2,1000.0
09:30:01.811,175.2,200.0
09:30:01.811,175.2,600.0
09:30:01.811,175.2,200.0
09:30:01.811,175.2,800.0
09:30:01.819,175.2,1200.0
09:30:01.819,175.2,100.0
09:30:01.819,175.2,100.0
09:30:01.819,175.2,300.0
09:30:01.819,175.2,1000.0
09:30:01.819,175.2,600.0
09:30:02.414,174.2,32.0
09:30:02.446,174.2,32.0
09:30:02.455,176.0,1000.0
09:30:02.455,176.0,1000.0
09:30:02.455,176.0,1000.0
09:30:02.455,176.0,200.0
09:30:02.455,176.0,100.0
09:30:02.511,174.2,53.0
09:30:02.674,176.2,200.0
09:30:02.674,176.2,800.0
09:30:02.711,174.2,98.0
09:30:02.778,174.2,33.0
09:30:02.782,176.3,400.0
09:30:02.782,176.3,800.0
09:30:02.782,176.3,200.0
09:30:02.806,174.2,49.0
09:30:03.178,176.1,200.0
09:30:03.179,176.1,300.0
09:30:03.179,176.2,1500.0
09:30:03.179,176.2,100.0
09:30:03.218,176.0,100.0
09:30:03.234,176.3,400.0
09:30:03.234,176.3,600.0
09:30:03.234,176.3,100.0
09:30:03.274,176.0,100.0
09:30:03.274,176.0,400.0
09:30:03.274,176.0,500.0
09:30:03.278,176.3,400.0
09:30:03.330,176.2,100.0
09:30:03.366,176.0,500.0
09:30:03.366,176.0,800.0
09:30:03.366,176.0,200.0
09:30:03.419,176.0,400.0
09:30:03.419,176.0,700.0
09:30:03.498,176.4,400.0
09:30:03.498,176.4,200.0
09:30:03.498,176.4,100.0
09:30:03.498,176.4,100.0
09:30:03.498,176.4,200.0
09:30:03.498,176.4,200.0
09:30:03.498,176.4,200.0
09:30:03.498,176.5,400.0
09:30:03.502,176.5,1000.0
09:30:03.502,176.5,500.0
09:30:03.502,176.5,300.0
09:30:03.514,176.0,100.0
09:30:03.626,176.1,100.0
09:30:03.630,176.1,200.0
09:30:03.643,176.1,100.0
09:30:03.643,176.1,100.0
09:30:03.674,176.1,100.0
09:30:03.686,176.1,100.0
09:30:03.690,176.4,400.0
09:30:03.690,176.1,200.0
09:30:03.690,176.4,1000.0
09:30:03.690,176.4,1000.0
09:30:03.698,176.0,100.0
09:30:03.726,176.4,300.0
09:30:03.778,176.0,100.0
09:30:03.778,176.0,200.0
09:30:04.130,176.4,100.0
09:30:04.130,176.4,100.0
09:30:04.342,176.0,100.0
09:30:04.366,176.4,900.0
09:30:04.366,176.4,200.0
09:30:04.366,176.4,500.0
09:30:04.366,176.4,200.0
09:30:04.366,176.4,400.0
09:30:04.378,175.2,53.0
09:30:04.506,176.5,400.0
09:30:04.507,176.5,1100.0
09:30:04.507,176.5,800.0
09:30:04.507,176.5,400.0
09:30:04.507,176.5,400.0
09:30:04.507,176.5,300.0
09:30:04.511,176.6,400.0
09:30:04.511,176.6,100.0
09:30:04.511,176.7,1200.0
09:30:04.511,176.7,400.0
09:30:04.511,176.7,100.0
09:30:04.511,176.7,200.0
09:30:04.558,176.8,100.0
09:30:04.559,176.8,100.0
09:30:04.559,176.8,200.0
09:30:04.559,176.8,300.0
09:30:04.559,176.8,500.0
09:30:04.559,176.8,300.0
09:30:04.559,176.8,200.0
09:30:04.563,176.9,200.0
09:30:04.734,177.0,500.0
09:30:04.734,177.0,300.0
09:30:04.734,177.0,100.0
09:30:04.734,177.0,100.0
09:30:04.734,177.0,400.0
09:30:04.734,177.0,1000.0
09:30:04.734,177.0,100.0
09:30:04.734,177.0,300.0
09:30:04.734,177.0,200.0
09:30:04.734,177.0,400.0
09:30:04.734,177.0,400.0
09:30:04.734,177.1,400.0
09:30:05.122,176.15,100.0
09:30:05.146,177.0,100.0
09:30:05.170,177.0,800.0
09:30:05.530,177.1,100.0
09:30:05.530,177.1,200.0
09:30:05.742,177.2,200.0
09:30:05.742,177.2,300.0
09:30:05.742,177.2,200.0
09:30:05.742,177.2,700.0
09:30:05.998,177.1,1000.0
09:30:05.998,177.1,100.0
09:30:06.074,177.2,200.0
09:30:06.115,176.2,100.0
09:30:06.127,177.1,100.0
09:30:06.498,177.1,100.0
09:30:06.546,177.1,100.0
09:30:06.554,177.1,200.0
09:30:06.563,177.4,400.0
09:30:06.563,177.4,1000.0
09:30:06.563,177.4,400.0
09:30:06.750,177.5,100.0
09:30:06.750,177.5,100.0
09:30:06.774,175.2,7100.0
09:30:07.298,177.2,400.0
09:30:07.299,177.2,1000.0
09:30:07.299,177.2,100.0
09:30:07.299,177.2,100.0
09:30:07.299,177.2,100.0
09:30:07.299,177.2,200.0
09:30:07.578,177.5,300.0
09:30:07.578,177.5,200.0
09:30:08.102,177.4,500.0
09:30:08.106,177.5,800.0
09:30:08.122,177.2,200.0
09:30:08.238,175.2,14.0
09:30:08.402,177.3,100.0
09:30:09.038,177.3,100.0
09:30:09.038,177.3,100.0
09:30:09.038,177.3,600.0
09:30:09.038,177.3,100.0
09:30:09.038,177.3,100.0
09:30:09.038,177.3,1500.0
09:30:09.051,177.3,100.0
09:30:09.051,177.3,100.0
09:30:09.051,177.3,100.0
09:30:09.067,177.3,100.0
09:30:09.067,177.3,100.0
09:30:09.087,177.0,400.0
09:30:09.146,177.0,200.0
09:30:09.246,177.0,100.0
09:30:09.250,177.0,700.0
09:30:09.250,177.0,100.0
09:30:09.250,177.0,100.0
09:30:09.250,177.0,200.0
09:30:09.250,177.0,200.0
09:30:09.250,177.0,500.0
09:30:09.311,177.0,100.0
09:30:09.318,177.0,100.0
09:30:09.335,177.0,100.0
09:30:09.343,177.0,100.0
09:30:09.350,177.0,100.0
09:30:09.362,177.0,100.0
09:30:09.370,177.0,100.0
09:30:09.370,177.0,1100.0
09:30:09.422,177.0,100.0
09:30:09.422,177.0,1700.0
09:30:09.535,177.0,100.0
09:30:09.535,177.0,300.0
09:30:09.578,177.0,100.0
09:30:09.578,177.0,200.0
09:30:09.594,177.0,100.0
09:30:09.666,177.0,100.0
09:30:09.666,177.0,100.0
09:30:09.670,177.0,300.0
09:30:09.670,177.0,200.0
09:30:10.431,176.9,600.0
09:30:10.431,176.9,400.0
09:30:10.431,176.9,700.0
09:30:10.431,176.9,100.0
09:30:10.530,176.9,100.0
09:30:10.530,176.9,100.0
09:30:10.582,177.0,600.0
09:30:10.738,176.9,100.0
09:30:10.986,177.0,100.0
09:30:10.986,177.0,1900.0
09:30:10.986,177.0,200.0
09:30:10.986,177.0,200.0
09:30:10.986,177.0,400.0
09:30:11.123,176.9,100.0
09:30:12.110,176.9,100.0
09:30:12.646,176.9,100.0
09:30:12.646,176.9,300.0
09:30:12.646,176.9,100.0
09:30:12.682,176.9,100.0
09:30:12.774,176.9,100.0
09:30:12.786,176.9,100.0
09:30:13.199,176.9,100.0
09:30:13.199,176.9,100.0
09:30:13.199,176.8,100.0
09:30:13.199,176.8,300.0
09:30:13.199,176.8,400.0
09:30:13.887,176.8,200.0
09:30:13.887,176.8,200.0
09:30:14.138,176.7,200.0
09:30:14.138,176.7,600.0
09:30:14.138,176.6,100.0
09:30:14.138,176.6,500.0
09:30:14.150,176.9,500.0
09:30:14.162,176.9,200.0
09:30:14.406,176.6,100.0
09:30:15.350,176.4,100.0
09:30:15.350,176.6,100.0
09:30:15.406,176.4,100.0
09:30:15.406,176.7,1000.0
09:30:15.518,176.4,200.0
09:30:15.518,176.4,500.0
09:30:15.562,176.4,500.0
09:30:15.562,176.4,200.0
09:30:15.866,176.4,100.0
09:30:15.882,176.7,100.0
09:30:15.895,176.4,700.0
09:30:15.923,176.4,100.0
09:30:16.014,176.4,100.0
09:30:16.078,176.4,200.0
09:30:16.127,176.4,600.0
09:30:16.190,176.4,100.0
09:30:16.190,176.4,5400.0
09:30:16.190,176.4,300.0
09:30:16.190,176.4,200.0
09:30:16.190,176.4,100.0
09:30:16.190,176.4,200.0
09:30:16.190,176.4,200.0
09:30:16.190,176.4,1100.0
09:30:16.831,176.4,100.0
09:30:17.930,176.4,2000.0
09:30:17.931,176.4,200.0
09:30:17.935,176.5,100.0
09:30:18.282,176.2,100.0
09:30:18.662,176.5,500.0
09:30:18.662,176.5,1000.0
09:30:18.662,176.5,400.0
09:30:18.662,176.6,400.0
09:30:18.662,176.6,1000.0
09:30:18.662,176.7,300.0
09:30:18.662,176.7,1000.0
09:30:18.662,176.7,1000.0
09:30:18.662,176.7,500.0
09:30:18.662,176.8,400.0
09:30:18.662,176.8,3000.0
09:30:18.662,176.8,5000.0
09:30:18.662,176.8,100.0
09:30:18.662,176.8,100.0
09:30:18.663,176.8,15300.0
09:30:19.115,176.9,100.0
09:30:19.850,176.6,300.0
09:30:21.066,176.5,200.0
09:30:21.139,176.5,200.0
09:30:21.139,176.5,200.0
09:30:21.171,176.5,200.0
09:30:21.171,176.5,200.0
09:30:21.171,176.5,100.0
09:30:21.171,176.5,1400.0
09:30:21.246,176.5,100.0
09:30:21.246,176.5,200.0
09:30:21.246,176.5,200.0
09:30:21.246,176.5,200.0
09:30:21.246,176.5,100.0
09:30:21.250,176.5,100.0
09:30:21.250,176.5,600.0
09:30:21.250,176.5,1000.0
09:30:21.250,176.5,400.0
09:30:21.266,176.5,600.0
09:30:21.266,176.5,1000.0
09:30:21.266,176.5,400.0
09:30:21.266,176.4,300.0
09:30:21.314,176.4,100.0
09:30:21.314,176.4,1200.0
09:30:21.314,176.4,1000.0
09:30:21.326,176.5,300.0
09:30:21.402,176.5,300.0
09:30:21.403,176.4,500.0
09:30:21.406,176.4,2800.0
09:30:21.430,176.4,3500.0
09:30:21.494,176.4,100.0
09:30:21.518,176.4,100.0
09:30:21.526,176.4,100.0
09:30:21.562,176.4,100.0
09:30:21.587,176.4,200.0
09:30:21.614,176.4,400.0
09:30:21.798,176.4,500.0
09:30:21.798,176.4,600.0
09:30:22.126,176.5,200.0
09:30:22.362,176.5,1600.0
09:30:22.366,176.5,1000.0
09:30:22.366,176.5,1000.0
09:30:22.366,176.5,1000.0
09:30:23.851,176.5,200.0
09:30:24.270,176.4,100.0
09:30:24.270,176.4,200.0
09:30:25.294,176.8,400.0
09:30:25.294,176.8,600.0
09:30:25.962,176.5,400.0
09:30:25.963,176.5,200.0
09:30:26.514,176.5,100.0
09:30:26.883,176.5,100.0
09:30:26.883,176.5,1100.0
09:30:27.111,176.5,100.0
09:30:27.166,176.5,100.0
09:30:27.222,176.5,100.0
09:30:27.222,176.5,100.0
09:30:27.342,176.5,100.0
09:30:27.426,176.5,100.0
09:30:27.426,176.5,100.0
09:30:27.458,176.5,100.0
09:30:27.486,176.5,100.0
09:30:27.487,176.5,500.0
09:30:27.487,176.5,200.0
09:30:27.487,176.5,300.0
09:30:27.630,176.5,100.0
09:30:27.658,176.5,100.0
09:30:27.690,176.5,100.0
09:30:27.898,176.5,100.0
09:30:27.966,176.5,100.0
09:30:28.106,176.5,200.0
09:30:28.106,176.5,300.0
09:30:28.203,176.5,100.0
09:30:28.370,176.7,2800.0
09:30:28.370,176.7,2200.0
09:30:28.370,176.7,1700.0
09:30:28.378,176.7,300.0
09:30:28.378,176.7,3000.0
09:30:28.506,176.4,100.0
09:30:28.534,176.4,100.0
09:30:28.782,176.4,100.0
09:30:29.062,176.4,100.0
09:30:29.170,176.8,400.0
09:30:29.170,176.8,200.0
09:30:29.170,176.8,200.0
09:30:29.170,176.8,200.0
09:30:29.170,176.8,200.0
09:30:29.170,176.8,200.0
09:30:29.170,176.8,100.0
09:30:29.170,176.8,200.0
09:30:29.170,176.8,400.0
09:30:29.170,176.8,200.0
09:30:29.170,176.8,500.0
09:30:29.170,176.8,200.0
09:30:29.170,176.8,400.0
09:30:29.170,176.9,500.0
09:30:29.170,176.9,1000.0
09:30:29.170,176.9,1000.0
09:30:29.170,176.9,400.0
09:30:29.170,176.9,800.0
09:30:29.170,176.9,100.0
09:30:29.170,176.9,2600.0
09:30:29.170,177.0,400.0
09:30:29.170,177.0,1000.0
09:30:29.170,177.0,1000.0
09:30:29.170,177.0,400.0
09:30:29.170,177.0,500.0
09:30:29.170,177.0,6000.0
09:30:29.170,177.0,900.0
09:30:29.926,176.5,100.0
09:30:30.166,176.5,100.0
09:30:30.338,176.8,500.0
09:30:30.338,176.8,400.0
09:30:30.362,177.0,100.0
09:30:30.362,177.0,100.0
09:30:30.362,177.0,200.0
09:30:30.362,177.0,100.0
09:30:30.362,177.0,100.0
09:30:30.362,177.0,100.0
09:30:30.362,177.0,200.0
09:30:30.483,176.8,100.0
09:30:30.967,177.1,400.0
09:30:31.122,176.9,400.0
09:30:31.122,176.9,100.0
09:30:31.282,176.9,100.0
09:30:31.298,177.2,400.0
09:30:31.298,177.2,500.0
09:30:31.298,177.2,200.0
09:30:31.430,177.2,100.0
09:30:31.431,177.2,1000.0
09:30:31.431,177.2,1000.0
09:30:31.431,177.0,400.0
09:30:31.431,177.0,300.0
09:30:31.431,177.3,200.0
09:30:31.431,177.3,2900.0
09:30:31.431,177.3,700.0
09:30:31.431,177.3,1400.0
09:30:31.438,177.3,100.0
09:30:31.438,177.3,2000.0
09:30:31.438,177.3,2800.0
09:30:31.438,177.3,100.0
09:30:31.438,177.3,300.0
09:30:31.438,177.3,100.0
09:30:31.466,177.0,700.0
09:30:31.466,177.0,1000.0
09:30:31.466,177.0,100.0
09:30:31.466,177.0,100.0
09:30:31.466,177.0,100.0
09:30:31.466,177.0,100.0
09:30:31.466,177.0,100.0
09:30:31.466,177.0,400.0
09:30:31.466,177.0,300.0
09:30:31.498,176.9,700.0
09:30:31.546,176.9,100.0
09:30:31.550,176.9,1000.0
09:30:31.550,176.9,200.0
09:30:31.550,176.9,400.0
09:30:31.550,176.9,2000.0
09:30:31.870,176.9,1900.0
09:30:31.926,176.9,1800.0
09:30:32.122,177.0,600.0
09:30:32.654,176.9,400.0
09:30:32.970,177.1,2000.0
09:30:32.971,177.1,1000.0
09:30:33.211,177.1,100.0
09:30:33.211,177.1,300.0
09:30:33.211,177.1,600.0
09:30:33.483,177.1,100.0
09:30:33.546,177.2,100.0
09:30:33.546,177.1,100.0
09:30:33.546,177.1,300.0
09:30:33.606,177.0,200.0
09:30:33.618,177.0,200.0
09:30:33.618,177.0,400.0
09:30:33.647,177.0,200.0
09:30:33.706,177.0,400.0
09:30:33.706,177.0,300.0
09:30:33.922,177.4,200.0
09:30:34.278,177.3,100.0
09:30:34.559,177.0,400.0
09:30:34.559,177.0,600.0
09:30:34.562,177.0,108000.0
09:30:34.578,176.9,1000.0
09:30:34.578,176.9,100.0
09:30:34.578,176.9,400.0
09:30:34.578,176.9,100.0
09:30:34.578,176.9,100.0
09:30:34.578,176.9,100.0
09:30:34.770,177.3,100.0
09:30:34.826,176.9,100.0
09:30:35.970,176.9,100.0
09:30:35.998,176.9,100.0
09:30:36.126,176.9,100.0
09:30:36.126,176.9,1000.0
09:30:36.126,176.9,1100.0
09:30:36.183,176.9,400.0
09:30:36.183,176.9,600.0
09:30:36.183,176.9,100.0
09:30:36.294,177.3,100.0
09:30:36.294,177.3,1000.0
09:30:36.294,177.3,200.0
09:30:36.294,177.3,300.0
09:30:36.294,177.3,400.0
09:30:36.298,177.3,200.0
09:30:36.298,177.3,400.0
09:30:36.298,177.3,300.0
09:30:36.298,177.3,100.0
09:30:36.462,177.0,400.0
09:30:36.462,177.0,400.0
09:30:36.502,177.0,200.0
09:30:36.502,177.0,200.0
09:30:36.502,177.0,700.0
09:30:36.726,177.3,100.0
09:30:36.770,177.0,300.0
09:30:36.770,177.0,400.0
09:30:36.770,177.0,100.0
09:30:36.770,177.0,300.0
09:30:36.798,177.0,100.0
09:30:36.798,177.0,700.0
09:30:36.806,177.0,100.0
09:30:36.806,177.0,400.0
09:30:36.806,177.0,200.0
09:30:36.806,177.0,200.0
09:30:36.806,176.9,200.0
09:30:36.834,177.0,800.0
09:30:36.835,177.0,200.0
09:30:36.835,177.0,100.0
09:30:36.910,177.0,1500.0
09:30:37.166,176.9,600.0
09:30:37.190,176.9,200.0
09:30:37.190,176.9,400.0
09:30:37.190,176.8,300.0
09:30:37.190,176.8,200.0
09:30:37.230,176.8,1100.0
09:30:37.570,176.9,100.0
09:30:37.571,176.8,100.0
09:30:37.571,176.8,900.0
09:30:37.746,176.8,1100.0
09:30:38.550,177.0,100.0
09:30:38.550,176.8,400.0
09:30:38.926,176.8,1100.0
09:30:38.962,176.8,600.0
09:30:39.058,177.0,100.0
09:30:39.378,176.8,300.0
09:30:39.406,176.8,700.0
09:30:39.406,177.0,900.0
09:30:39.406,177.0,1000.0
09:30:39.406,177.0,1000.0
09:30:39.454,176.8,200.0
09:30:39.462,176.8,500.0
09:30:39.478,176.8,1100.0
09:30:39.478,176.8,400.0
09:30:39.506,176.8,1200.0
09:30:40.514,176.8,100.0
09:30:41.118,176.8,600.0
09:30:41.526,176.8,3600.0
09:30:41.554,176.8,2900.0
09:30:41.562,176.8,2800.0
09:30:41.598,176.8,800.0
09:30:41.671,176.8,1000.0
09:30:42.014,176.8,2200.0
09:30:42.014,176.8,5200.0
09:30:42.014,176.8,1500.0
09:30:42.014,176.8,200.0
09:30:42.014,176.8,6000.0
09:30:42.014,176.8,800.0
09:30:42.014,176.8,300.0
09:30:42.014,176.8,800.0
09:30:42.014,176.8,200.0
09:30:42.014,176.8,600.0
09:30:42.014,176.8,100.0
09:30:42.014,176.8,3400.0
09:30:42.018,176.8,800.0
09:30:42.018,176.8,1000.0
09:30:42.018,176.8,4800.0
09:30:42.018,176.8,100.0
09:30:42.018,176.8,200.0
09:30:42.018,176.8,100.0
09:30:42.150,176.6,100.0
09:30:42.206,176.6,1900.0
09:30:42.206,176.6,400.0
09:30:42.206,176.6,400.0
09:30:42.206,176.5,200.0
09:30:42.206,176.5,1000.0
09:30:42.206,176.5,200.0
09:30:42.206,176.5,1200.0
09:30:42.474,176.4,400.0
09:30:43.574,176.5,7500.0
09:30:43.574,176.5,300.0
09:30:43.574,176.5,200.0
09:30:44.611,176.5,3000.0
09:30:44.839,176.6,200.0
09:30:44.839,176.6,100.0
09:30:45.075,176.4,500.0
09:30:45.186,176.4,300.0
09:30:45.206,176.4,1100.0
09:30:45.206,176.4,200.0
09:30:45.206,176.4,100.0
09:30:45.206,176.4,600.0
09:30:45.206,176.4,200.0
09:30:45.206,176.4,900.0
09:30:45.206,176.4,400.0
09:30:45.206,176.4,100.0
09:30:45.206,176.4,100.0
09:30:45.206,176.4,400.0
09:30:45.206,176.3,300.0
09:30:45.458,176.4,100.0
09:30:45.519,176.4,200.0
09:30:45.526,176.4,200.0
09:30:45.554,176.4,200.0
09:30:45.575,176.4,500.0
09:30:45.662,176.4,1200.0
09:30:45.698,176.4,300.0
09:30:45.698,176.4,300.0
09:30:45.703,176.4,100.0
09:30:45.818,176.4,200.0
09:30:45.818,176.4,200.0
09:30:45.818,176.4,200.0
09:30:45.818,176.4,400.0
09:30:45.818,176.4,1600.0
09:30:45.818,176.4,400.0
09:30:45.818,176.3,100.0
09:30:45.818,176.3,1000.0
09:30:45.818,176.2,300.0
09:30:46.114,176.4,600.0
09:30:46.450,176.7,200.0
09:30:46.451,176.7,600.0
09:30:46.754,176.7,100.0
09:30:46.954,176.7,300.0
09:30:46.954,176.7,200.0
09:30:46.954,176.7,200.0
09:30:46.954,176.7,200.0
09:30:46.954,176.7,200.0
09:30:47.258,176.5,100.0
09:30:47.258,176.5,1000.0
09:30:47.258,176.5,600.0
09:30:47.258,176.5,1000.0
09:30:47.258,176.5,200.0
09:30:48.226,176.5,700.0
09:30:48.227,176.5,100.0
09:30:48.227,176.5,1000.0
09:30:48.227,176.5,100.0
09:30:48.227,176.5,600.0
09:30:48.227,176.5,100.0
09:30:48.227,176.5,200.0
09:30:48.227,176.4,800.0
09:30:48.259,176.4,200.0
09:30:48.259,176.4,1000.0
09:30:48.259,176.4,1200.0
09:30:48.259,176.4,100.0
09:30:48.378,176.4,800.0
09:30:48.378,176.4,600.0
09:30:48.378,176.4,200.0
09:30:48.378,176.4,200.0
09:30:48.378,176.4,500.0
09:30:48.378,176.3,400.0
09:30:48.382,176.3,200.0
09:30:48.422,176.7,200.0
09:30:48.534,176.3,400.0
09:30:49.478,176.7,200.0
09:30:49.478,176.7,200.0
09:30:49.502,176.8,100.0
09:30:49.502,176.8,100.0
09:30:50.230,176.6,100.0
09:30:50.230,176.5,400.0
09:30:50.230,176.4,100.0
09:30:50.230,176.4,400.0
09:30:50.358,176.4,200.0
09:30:50.358,176.4,800.0
09:30:50.866,176.4,100.0
09:30:50.886,176.4,100.0
09:30:50.886,176.4,100.0
09:30:51.062,176.4,100.0
09:30:51.062,176.4,100.0
09:30:51.134,176.4,100.0
09:30:51.258,176.4,100.0
09:30:51.294,176.4,100.0
09:30:51.322,176.4,100.0
09:30:51.326,176.4,100.0
09:30:51.423,176.4,100.0
09:30:51.455,176.4,100.0
09:30:51.455,176.4,100.0
09:30:51.478,176.4,100.0
09:30:51.478,176.5,2900.0
09:30:51.546,176.5,3500.0
09:30:51.554,176.5,2800.0
09:30:51.614,176.4,100.0
09:30:51.778,176.4,100.0
09:30:52.022,176.4,100.0
09:30:52.058,176.4,100.0
09:30:52.106,176.4,600.0
09:30:52.166,176.4,100.0
09:30:52.258,176.4,100.0
09:30:52.266,176.4,6600.0
09:30:52.266,176.4,3000.0
09:30:52.266,176.4,200.0
09:30:52.266,176.4,100.0
09:30:52.266,176.4,100.0
09:30:52.266,176.4,100.0
09:30:52.266,176.4,200.0
09:30:52.366,176.3,100.0
09:30:52.406,176.3,100.0
09:30:52.474,176.3,100.0
09:30:52.598,176.3,100.0
09:30:52.862,176.5,400.0
09:30:53.006,176.3,100.0
09:30:53.070,176.3,100.0
09:30:53.458,176.5,100.0
09:30:53.487,176.5,100.0
09:30:53.654,176.3,100.0
09:30:53.826,175.5,96.0
09:30:53.950,176.3,53.0
09:30:53.967,176.3,200.0
09:30:53.967,176.3,100.0
09:30:53.967,176.3,600.0
09:30:54.026,176.3,100.0
09:30:54.026,176.3,600.0
09:30:54.026,176.2,200.0
09:30:54.306,176.3,100.0
09:30:54.326,176.3,900.0
09:30:54.359,176.2,200.0
09:30:54.643,176.2,600.0
09:30:54.643,176.2,100.0
09:30:54.643,176.1,200.0
09:30:54.678,176.1,400.0
09:30:54.678,176.1,100.0
09:30:54.678,176.0,400.0
09:30:54.702,176.4,400.0
09:30:54.702,176.4,200.0
09:30:54.702,176.4,200.0
09:30:54.702,176.4,200.0
09:30:54.706,176.4,600.0
09:30:54.706,176.4,200.0
09:30:55.103,176.2,500.0
09:30:55.287,176.4,400.0
09:30:56.215,176.4,200.0
09:30:56.215,176.4,100.0
09:30:56.215,176.4,100.0
09:30:56.447,176.5,100.0
09:30:56.447,176.5,1200.0
09:30:56.447,176.5,400.0
09:30:56.447,176.5,3000.0
09:30:56.447,176.5,6600.0
09:30:56.447,176.5,10600.0
09:30:56.479,176.6,200.0
09:30:56.479,176.6,500.0
09:30:56.479,176.6,500.0
09:30:56.502,176.7,100.0
09:30:56.502,176.7,900.0
09:30:56.506,176.7,200.0
09:30:56.606,176.5,100.0
09:30:56.738,176.7,1900.0
09:30:56.770,176.8,200.0
09:30:56.830,176.5,700.0
09:30:57.094,176.5,200.0
09:30:57.150,176.5,200.0
09:30:57.323,176.5,100.0
09:30:57.414,176.5,100.0
09:30:58.023,176.5,100.0
09:30:58.894,176.5,100.0
09:30:59.206,176.8,100.0
09:30:59.423,176.5,200.0
09:31:00.047,176.5,1400.0
09:31:00.047,176.5,1300.0
09:31:00.075,176.5,1500.0
09:31:00.326,176.5,2100.0
09:31:00.378,176.5,300.0
09:31:00.410,176.5,100.0
09:31:00.454,176.5,500.0
09:31:00.486,176.5,100.0
09:31:00.498,176.5,100.0
09:31:00.547,176.5,900.0
09:31:00.547,176.5,600.0
09:31:00.714,176.704,800.0
09:31:00.774,176.8,400.0
09:31:01.114,176.5,600.0
09:31:01.435,176.7,500.0
09:31:01.446,176.8,400.0
09:31:01.498,176.5,2800.0
09:31:01.550,176.5,3600.0
09:31:01.598,176.5,800.0
09:31:01.602,176.5,2900.0
09:31:02.246,176.5,12300.0
09:31:02.250,176.5,800.0
09:31:02.258,176.5,18400.0
09:31:02.258,176.5,100.0
09:31:02.258,176.5,100.0
09:31:02.258,176.5,200.0
09:31:02.258,176.5,1600.0
09:31:02.258,176.5,600.0
09:31:02.258,176.5,100.0
09:31:02.258,176.5,400.0
09:31:02.258,176.5,200.0
09:31:02.258,176.5,200.0
09:31:02.258,176.5,100.0
09:31:02.258,176.5,300.0
09:31:02.302,176.4,100.0
09:31:02.302,176.4,300.0
09:31:02.302,176.4,600.0
09:31:02.302,176.4,100.0
09:31:02.342,176.5,100.0
09:31:02.874,176.2,200.0
09:31:02.878,176.2,100.0
09:31:02.914,176.2,400.0
09:31:03.138,176.2,200.0
09:31:03.142,176.2,300.0
09:31:03.198,176.4,300.0
09:31:03.274,176.2,100.0
09:31:03.358,176.2,100.0
09:31:03.750,176.4,500.0
09:31:06.146,176.1,400.0
09:31:06.146,176.1,500.0
09:31:06.146,176.1,200.0
09:31:06.146,176.1,500.0
09:31:06.146,176.1,1500.0
09:31:06.146,176.0,100.0
09:31:06.146,176.0,100.0
09:31:06.146,176.0,100.0
09:31:06.146,176.0,200.0
09:31:06.146,176.0,100.0
09:31:06.146,176.0,100.0
09:31:06.146,176.0,400.0
09:31:06.146,176.0,100.0
09:31:06.146,176.0,100.0
09:31:06.146,176.0,1300.0
09:31:06.294,176.0,100.0
09:31:06.446,176.3,400.0
09:31:06.447,176.3,900.0
09:31:06.447,176.3,1000.0
09:31:06.447,176.3,1000.0
09:31:06.586,176.0,600.0
09:31:06.586,176.0,100.0
09:31:06.586,176.0,700.0
09:31:06.586,176.0,100.0
09:31:06.586,176.0,200.0
09:31:06.586,176.0,100.0
09:31:06.586,176.0,400.0
09:31:06.586,176.0,400.0
09:31:06.590,176.0,200.0
09:31:06.590,176.0,300.0
09:31:06.590,176.0,100.0
09:31:06.590,176.0,200.0
09:31:06.618,176.0,500.0
09:31:06.618,176.0,300.0
09:31:06.618,175.9,200.0
09:31:06.647,176.0,200.0
09:31:06.647,175.9,400.0
09:31:06.647,175.9,200.0
09:31:07.022,176.1,2500.0
09:31:07.058,176.0,100.0
09:31:07.143,176.0,400.0
09:31:08.106,176.0,200.0
09:31:09.102,176.0,5000.0
09:31:09.102,176.0,100.0
09:31:09.278,175.9,100.0
09:31:09.338,175.9,300.0
09:31:09.342,176.2,100.0
09:31:09.342,175.9,400.0
09:31:09.342,175.9,100.0
09:31:09.698,175.9,200.0
09:31:09.726,175.9,100.0
09:31:09.726,175.9,100.0
09:31:10.575,176.0,100.0
09:31:11.498,175.9,500.0
09:31:11.499,175.9,1600.0
09:31:11.499,175.9,800.0
09:31:11.499,175.9,100.0
09:31:11.499,175.9,400.0
09:31:11.503,175.9,100.0
09:31:11.550,176.1,100.0
09:31:11.550,176.1,1000.0
09:31:11.558,175.9,100.0
09:31:11.558,175.9,200.0
09:31:11.558,175.9,200.0
09:31:11.558,175.9,1500.0
09:31:11.558,175.9,200.0
09:31:11.562,175.9,100.0
09:31:11.562,175.9,100.0
09:31:11.562,175.9,500.0
09:31:11.598,175.9,100.0
09:31:11.598,175.9,2700.0
09:31:11.634,175.9,100.0
09:31:11.638,175.9,600.0
09:31:12.119,175.8,100.0
09:31:12.122,175.8,100.0
09:31:12.123,175.8,700.0
09:31:12.150,175.8,300.0
09:31:12.151,175.8,900.0
09:31:12.318,175.7,400.0
09:31:12.318,175.7,600.0
09:31:12.402,175.7,200.0
09:31:12.442,175.7,100.0
09:31:12.490,175.7,100.0
09:31:12.634,175.7,300.0
09:31:12.658,175.7,300.0
09:31:13.614,175.9,2600.0
09:31:13.614,175.9,200.0
09:31:14.102,175.7,300.0
09:31:14.102,175.7,200.0
09:31:14.102,175.7,100.0
09:31:15.042,175.7,200.0
09:31:15.071,175.7,100.0
09:31:15.162,176.0,100.0
09:31:15.338,176.0,200.0
09:31:15.339,176.0,600.0
09:31:15.339,176.0,200.0
09:31:15.339,176.0,200.0
09:31:15.339,176.0,100.0
09:31:15.339,176.0,400.0
09:31:15.339,176.0,500.0
09:31:15.343,176.0,100.0
09:31:15.343,176.0,400.0
09:31:15.343,176.0,100.0
09:31:15.382,175.7,100.0
09:31:15.474,175.8,100.0
09:31:15.474,175.7,100.0
09:31:15.622,176.0,300.0
09:31:15.862,175.8,100.0
09:31:15.862,175.7,1100.0
09:31:15.862,175.7,800.0
09:31:16.370,176.0,500.0
09:31:16.594,175.8,1500.0
09:31:16.594,175.7,600.0
09:31:16.931,175.7,400.0
09:31:16.931,175.7,200.0
09:31:16.931,175.7,100.0
09:31:16.931,175.7,400.0
09:31:16.931,175.7,1000.0
09:31:16.935,175.7,1100.0
09:31:18.083,175.6,100.0
09:31:18.206,175.6,200.0
09:31:18.206,175.6,1500.0
09:31:18.234,175.6,1100.0
09:31:18.315,175.6,400.0
09:31:18.315,175.6,200.0
09:31:18.315,175.6,400.0
09:31:18.315,175.6,400.0
09:31:18.542,175.6,100.0
09:31:18.570,175.6,100.0
09:31:18.582,175.6,300.0
09:31:18.650,175.6,100.0
09:31:18.650,175.6,300.0
09:31:18.723,175.6,200.0
09:31:19.102,175.6,100.0
09:31:19.102,175.6,500.0
09:31:19.650,175.9,100.0
09:31:20.087,175.7,300.0
09:31:20.158,175.8,100.0
09:31:20.698,175.8,400.0
09:31:20.698,175.8,200.0
09:31:21.010,175.7,100.0
09:31:21.050,175.7,100.0
09:31:21.106,175.9,300.0
09:31:21.106,175.9,1000.0
09:31:21.270,175.7,100.0
09:31:21.382,175.7,600.0
09:31:21.382,175.7,200.0
09:31:21.546,175.8,100.0
09:31:21.554,175.7,800.0
09:31:21.554,175.7,100.0
09:31:21.554,175.7,600.0
09:31:21.554,175.7,100.0
09:31:21.554,175.7,100.0
09:31:21.554,175.7,1200.0
09:31:21.642,175.7,500.0
09:31:21.642,175.7,800.0
09:31:21.642,175.7,200.0
09:31:21.642,175.6,500.0
09:31:21.642,175.6,100.0
09:31:21.642,175.6,200.0
09:31:21.646,175.6,400.0
09:31:21.646,175.6,100.0
09:31:21.658,175.6,900.0
09:31:21.659,175.6,600.0
09:31:21.659,175.6,200.0
09:31:21.659,175.6,400.0
09:31:21.659,175.6,1500.0
09:31:21.699,175.6,800.0
09:31:22.666,175.6,2200.0
09:31:22.986,175.6,200.0
09:31:23.778,175.9,100.0
09:31:23.779,175.9,200.0
09:31:24.054,175.6,800.0
09:31:24.142,175.6,200.0
09:31:24.142,175.6,1000.0
09:31:24.270,175.6,100.0
09:31:24.270,175.6,400.0
09:31:24.270,175.6,400.0
09:31:24.318,175.6,200.0
09:31:24.346,175.6,100.0
09:31:24.374,175.6,100.0
09:31:24.374,175.6,100.0
09:31:24.454,175.6,200.0
09:31:24.566,175.6,200.0
09:31:24.643,175.7,200.0
09:31:24.647,175.8,800.0
09:31:24.871,175.9,200.0
09:31:24.871,175.9,200.0
09:31:24.871,175.9,100.0
09:31:25.102,175.6,200.0
09:31:25.103,175.6,100.0
09:31:25.103,175.6,100.0
09:31:25.103,175.6,100.0
09:31:25.103,175.6,100.0
09:31:27.026,175.6,200.0
09:31:27.062,175.6,100.0
09:31:27.070,175.6,200.0
09:31:27.070,175.6,500.0
09:31:27.070,175.6,900.0
09:31:27.151,175.8,100.0
09:31:27.270,175.5,100.0
09:31:27.414,175.8,100.0
09:31:27.415,175.8,100.0
09:31:27.558,175.5,100.0
09:31:27.558,175.5,100.0
09:31:28.323,175.8,100.0
09:31:28.323,175.8,400.0
09:31:28.430,175.6,100.0
09:31:28.795,175.6,200.0
09:31:29.578,175.6,200.0
09:31:30.166,175.6,300.0
09:31:30.194,175.6,500.0
09:31:30.315,175.6,200.0
09:31:30.315,175.6,100.0
09:31:30.315,175.6,100.0
09:31:30.387,175.6,100.0
09:31:30.514,175.6,100.0
09:31:30.551,175.6,200.0
09:31:31.098,175.8,100.0
09:31:31.098,175.8,100.0
09:31:31.098,175.8,100.0
09:31:31.474,175.6,100.0
09:31:31.475,175.6,2300.0
09:31:31.475,175.6,500.0
09:31:31.487,175.6,100.0
09:31:31.487,175.6,100.0
09:31:31.487,175.6,1100.0
09:31:31.487,175.6,200.0
09:31:31.487,175.6,200.0
09:31:31.487,175.6,400.0
09:31:31.487,175.6,100.0
09:31:31.487,175.6,600.0
09:31:31.499,175.6,100.0
09:31:31.499,175.6,600.0
09:31:31.738,175.6,200.0
09:31:32.050,175.6,2200.0
09:31:32.050,175.6,1100.0
09:31:32.154,175.6,600.0
09:31:32.155,175.6,1500.0
09:31:32.155,175.6,200.0
09:31:32.910,175.5,100.0
09:31:33.002,175.5,100.0
09:31:33.318,175.5,100.0
09:31:33.382,175.5,100.0
09:31:33.971,175.6,100.0
09:31:34.003,175.8,100.0
09:31:34.003,175.8,400.0
09:31:34.003,175.8,1000.0
09:31:34.266,175.9,400.0
09:31:34.266,175.9,100.0
09:31:34.266,175.9,500.0
09:31:34.622,175.6,1100.0
09:31:35.702,175.8,400.0
09:31:35.930,175.9,600.0
09:31:36.014,175.6,200.0
09:31:36.015,175.6,800.0
09:31:36.138,175.6,200.0
09:31:36.138,175.6,100.0
09:31:36.138,175.6,100.0
09:31:36.138,175.6,200.0
09:31:36.138,175.6,100.0
09:31:36.218,175.6,300.0
09:31:36.218,175.6,500.0
09:31:36.374,175.6,100.0
09:31:36.434,175.6,100.0
09:31:36.531,175.6,200.0
09:31:36.546,175.9,800.0
09:31:36.550,175.8,400.0
09:31:36.558,175.6,200.0
09:31:36.590,175.7,100.0
09:31:36.626,175.7,100.0
09:31:36.626,175.7,100.0
09:31:38.386,175.6,300.0
09:31:38.450,175.6,200.0
09:31:38.450,175.6,300.0
09:31:38.982,175.6,100.0
09:31:39.438,175.6,100.0
09:31:39.542,175.6,100.0
09:31:39.554,175.6,100.0
09:31:40.058,175.6,100.0
09:31:41.250,175.6,1900.0
09:31:41.251,175.6,400.0
09:31:41.251,175.6,100.0
09:31:41.251,175.6,100.0
09:31:41.251,175.6,200.0
09:31:41.251,175.6,100.0
09:31:41.302,175.6,500.0
09:31:41.302,175.6,700.0
09:31:41.302,175.6,100.0
09:31:41.302,175.6,900.0
09:31:41.315,175.6,700.0
09:31:42.126,175.5,100.0
09:31:42.126,175.5,300.0
09:31:42.154,175.5,200.0
09:31:42.375,175.5,100.0
09:31:42.431,175.5,300.0
09:31:42.602,175.5,100.0
09:31:42.994,175.6,200.0
09:31:44.186,175.6,100.0
09:31:44.514,175.6,500.0
09:31:44.727,175.6,400.0
09:31:44.727,175.6,1900.0
09:31:44.731,175.6,1600.0
09:31:44.731,175.6,2200.0
09:31:44.731,175.6,400.0
09:31:44.731,175.6,100.0
09:31:45.078,175.5,100.0
09:31:45.206,175.5,100.0
09:31:45.242,175.7,200.0
09:31:45.242,175.7,400.0
09:31:45.334,175.6,600.0
09:31:45.466,175.6,100.0
09:31:45.498,175.6,1300.0
09:31:45.542,175.6,100.0
09:31:45.583,175.6,100.0
09:31:45.642,175.6,1100.0
09:31:46.650,175.6,100.0
09:31:46.666,175.6,100.0
09:31:46.930,175.6,6000.0
09:31:48.014,175.6,500.0
09:31:48.014,175.6,100.0
09:31:48.014,175.6,100.0
09:31:48.014,175.6,100.0
09:31:48.014,175.6,100.0
09:31:48.014,175.6,100.0
09:31:48.014,175.6,400.0
09:31:48.090,175.6,500.0
09:31:48.091,175.6,100.0
09:31:48.091,175.6,400.0
09:31:48.138,175.8,200.0
09:31:48.139,175.8,100.0
09:31:48.354,175.6,100.0
09:31:48.482,175.6,1100.0
09:31:48.502,175.6,300.0
09:31:48.510,175.6,100.0
09:31:49.198,175.6,2800.0
09:31:49.198,175.6,100.0
09:31:49.198,175.6,400.0
09:31:49.198,175.6,400.0
09:31:49.198,175.6,3400.0
09:31:49.770,175.6,200.0
09:31:50.946,175.6,100.0
09:31:50.970,175.6,100.0
09:31:51.010,175.6,600.0
09:31:51.014,175.6,200.0
09:31:51.267,175.6,100.0
09:31:51.290,175.6,200.0
09:31:51.299,175.6,700.0
09:31:51.299,175.6,1100.0
09:31:51.299,175.6,500.0
09:31:51.299,175.6,600.0
09:31:51.335,175.6,100.0
09:31:51.366,175.6,100.0
09:31:51.366,175.6,100.0
09:31:51.366,175.6,100.0
09:31:51.515,175.5,100.0
09:31:51.515,175.5,200.0
09:31:51.590,175.6,100.0
09:31:51.630,175.6,900.0
09:31:54.014,175.5,400.0
09:31:54.015,175.5,200.0
09:31:54.134,175.5,300.0
09:31:54.134,175.5,100.0
09:31:54.134,175.5,500.0
09:31:54.138,175.5,100.0
09:31:54.302,175.5,700.0
09:31:54.358,175.5,100.0
09:31:54.358,175.5,100.0
09:31:54.507,175.5,200.0
09:31:54.666,175.5,100.0
09:31:55.615,175.5,400.0
09:31:55.619,175.5,2800.0
09:31:55.619,175.5,100.0
09:31:55.619,175.5,700.0
09:31:55.619,175.5,2100.0
09:31:55.619,175.5,100.0
09:31:55.619,175.5,100.0
09:31:55.619,175.5,200.0
09:31:55.619,175.5,100.0
09:31:55.619,175.5,200.0
09:31:55.623,175.5,100.0
09:31:55.623,175.5,100.0
09:31:55.682,175.5,100.0
09:31:55.682,175.5,100.0
09:31:55.682,175.4,300.0
09:31:55.682,175.4,100.0
09:31:55.854,175.6,300.0
09:31:55.946,175.5,100.0
09:31:55.946,175.4,400.0
09:31:55.946,175.4,500.0
09:31:55.946,175.4,100.0
09:31:55.946,175.4,2100.0
09:31:55.954,175.4,900.0
09:31:55.954,175.4,7000.0
09:31:55.954,175.4,1400.0
09:31:55.954,175.4,900.0
09:31:56.271,175.5,300.0
09:31:56.630,175.5,100.0
09:31:57.019,175.3,100.0
09:31:57.054,175.3,100.0
09:31:57.054,175.3,200.0
09:31:57.195,175.3,100.0
09:31:57.195,175.3,200.0
09:31:57.218,175.3,400.0
09:31:57.219,175.3,200.0
09:31:57.219,175.3,200.0
09:31:57.362,175.3,200.0
09:31:57.362,175.3,200.0
09:31:57.422,175.3,100.0
09:31:57.586,175.3,100.0
09:31:57.586,175.3,200.0
09:31:57.618,175.3,100.0
09:31:57.618,175.3,200.0
09:31:57.862,175.3,300.0
09:31:57.863,175.3,100.0
09:31:57.899,175.3,100.0
09:31:57.899,175.3,200.0
09:31:57.899,175.3,100.0
09:31:57.954,175.3,100.0
09:31:57.954,175.3,200.0
09:31:57.954,175.3,100.0
09:31:58.246,175.3,400.0
09:31:59.255,175.5,100.0
09:31:59.255,175.5,400.0
09:32:00.435,175.2,100.0
09:32:00.435,175.2,200.0
09:32:00.474,175.2,400.0
09:32:00.550,175.2,300.0
09:32:00.550,175.2,200.0
09:32:00.590,175.35,100.0
09:32:01.594,175.3,200.0
09:32:02.082,175.2,300.0
09:32:02.082,175.2,400.0
09:32:02.082,175.2,600.0
09:32:02.082,175.2,200.0
09:32:02.082,175.2,800.0
09:32:02.082,175.2,500.0
09:32:02.082,175.2,300.0
09:32:02.082,175.2,100.0
09:32:02.082,175.2,100.0
09:32:02.082,175.2,300.0
09:32:02.082,175.2,100.0
09:32:02.082,175.2,100.0
09:32:02.082,175.2,100.0
09:32:02.082,175.2,100.0
09:32:02.082,175.2,100.0
09:32:02.082,175.2,400.0
09:32:02.082,175.2,100.0
09:32:02.082,175.2,400.0
09:32:02.082,175.2,200.0
09:32:02.082,175.2,1600.0
09:32:02.082,175.2,100.0
09:32:02.082,175.2,200.0
09:32:02.082,175.2,100.0
09:32:02.082,175.2,100.0
09:32:02.082,175.2,100.0
09:32:02.082,175.2,600.0
09:32:02.082,175.2,100.0
09:32:02.966,175.1,100.0
09:32:03.002,175.1,100.0
09:32:03.086,175.1,300.0
09:32:03.086,175.1,200.0
09:32:03.086,175.1,100.0
09:32:03.086,175.1,1000.0
09:32:03.214,175.1,900.0
09:32:03.214,175.1,100.0
09:32:03.374,175.1,100.0
09:32:03.378,175.1,100.0
09:32:03.434,175.1,100.0
09:32:03.526,175.1,200.0
09:32:04.734,175.3,100.0
09:32:05.294,175.2,200.0
09:32:06.230,175.1,200.0
09:32:06.274,175.1,500.0
09:32:06.346,175.3,500.0
09:32:06.351,175.3,1000.0
09:32:06.351,175.3,2500.0
09:32:06.351,175.3,2900.0
09:32:06.351,175.3,400.0
09:32:06.514,175.1,200.0
09:32:06.642,175.2,100.0
09:32:06.646,175.1,300.0
09:32:06.646,175.1,100.0
09:32:06.774,175.2,100.0
09:32:06.775,175.2,100.0
09:32:06.775,175.2,100.0
09:32:06.810,175.2,100.0
09:32:06.814,175.2,100.0
09:32:07.031,175.1,700.0
09:32:07.031,175.1,100.0
09:32:07.031,175.1,600.0
09:32:07.031,175.1,3200.0
09:32:07.082,175.2,200.0
09:32:07.518,175.1,300.0
09:32:07.818,175.1,5200.0
09:32:07.818,175.1,100.0
09:32:07.818,175.1,100.0
09:32:08.138,175.1,100.0
09:32:09.166,175.0,100.0
09:32:09.182,175.0,100.0
09:32:09.182,175.0,100.0
09:32:09.238,175.1,200.0
09:32:09.298,175.0,300.0
09:32:09.298,175.0,100.0
09:32:09.298,175.0,300.0
09:32:09.298,175.0,600.0
09:32:09.298,175.0,900.0
09:32:09.422,175.0,1000.0
09:32:09.422,175.0,300.0
09:32:09.422,175.0,1000.0
09:32:09.422,175.0,700.0
09:32:09.422,175.0,100.0
09:32:09.422,175.0,200.0
09:32:09.426,175.0,200.0
09:32:09.426,175.0,100.0
09:32:09.426,175.0,300.0
09:32:09.426,175.0,100.0
09:32:09.426,175.0,100.0
09:32:09.426,175.0,400.0
09:32:09.426,175.0,1000.0
09:32:09.426,175.0,100.0
09:32:09.426,175.0,500.0
09:32:09.426,175.0,100.0
09:32:09.426,175.0,100.0
09:32:09.426,175.0,100.0
09:32:09.426,175.0,800.0
09:32:09.426,175.0,100.0
09:32:09.426,175.0,200.0
09:32:09.426,175.0,100.0
09:32:09.426,175.0,3100.0
09:32:09.426,175.0,100.0
09:32:09.426,175.0,200.0
09:32:09.426,175.0,500.0
09:32:09.426,175.0,100.0
09:32:09.426,175.0,100.0
09:32:09.426,175.0,200.0
09:32:09.430,175.0,300.0
09:32:09.523,174.9,100.0
09:32:09.562,174.9,100.0
09:32:09.622,174.9,100.0
09:32:09.650,174.9,100.0
09:32:09.658,174.9,200.0
09:32:09.695,174.9,100.0
09:32:09.723,174.9,200.0
09:32:11.378,174.9,1600.0
09:32:11.382,174.9,500.0
09:32:11.382,174.9,400.0
09:32:11.394,174.9,1000.0
09:32:11.398,174.9,1600.0
09:32:11.398,174.9,1200.0
09:32:11.418,175.0,100.0
09:32:11.418,175.0,700.0
09:32:11.438,175.0,300.0
09:32:11.438,175.0,200.0
09:32:11.514,175.0,100.0
09:32:11.982,174.9,4400.0
09:32:11.986,174.9,56900.0
09:32:11.987,174.9,37500.0
09:32:11.987,174.9,400.0
09:32:11.987,174.9,600.0
09:32:11.987,174.9,100.0
09:32:11.987,174.9,4700.0
09:32:11.987,174.9,100.0
09:32:11.987,174.9,100.0
09:32:11.987,174.9,800.0
09:32:11.987,174.9,500.0
09:32:11.987,174.9,1400.0
09:32:11.987,174.9,100.0
09:32:12.062,174.8,400.0
09:32:12.062,174.8,1000.0
09:32:12.062,174.8,3000.0
09:32:12.062,174.8,600.0
09:32:12.062,174.8,100.0
09:32:12.062,174.8,300.0
09:32:12.062,174.8,300.0
09:32:12.062,174.8,100.0
09:32:12.286,174.7,100.0
09:32:12.374,174.7,100.0
09:32:12.471,174.7,400.0
09:32:12.782,174.7,200.0
09:32:12.782,174.7,800.0
09:32:12.782,174.7,800.0
09:32:13.298,174.9,5300.0
09:32:13.298,174.9,1000.0
09:32:13.298,174.9,1000.0
09:32:13.298,174.9,400.0
09:32:13.298,174.9,100.0
09:32:13.298,175.0,9000.0
09:32:13.339,174.7,100.0
09:32:13.986,175.0,100.0
09:32:14.023,175.0,200.0
09:32:14.486,175.0,100.0
09:32:14.974,174.7,500.0
09:32:14.975,174.7,300.0
09:32:15.014,174.7,1200.0
09:32:15.018,174.7,200.0
09:32:15.134,174.7,1300.0
09:32:15.134,174.7,7800.0
09:32:15.207,174.7,6000.0
09:32:15.246,174.8,200.0
09:32:15.254,174.8,100.0
09:32:15.258,174.8,100.0
09:32:15.258,174.8,100.0
09:32:15.318,174.7,500.0
09:32:15.318,174.7,200.0
09:32:15.374,174.8,100.0
09:32:15.391,174.7,5500.0
09:32:15.391,174.7,100.0
09:32:15.391,174.7,100.0
09:32:15.391,174.7,200.0
09:32:15.391,174.6,100.0
09:32:15.391,174.6,200.0
09:32:15.391,174.6,300.0
09:32:15.391,174.6,100.0
09:32:15.391,174.6,500.0
09:32:15.450,174.6,500.0
09:32:15.451,174.6,100.0
09:32:15.451,174.5,200.0
09:32:15.510,174.5,800.0
09:32:15.566,174.5,1200.0
09:32:15.654,174.5,800.0
09:32:15.655,174.5,600.0
09:32:17.294,174.5,1000.0
09:32:18.362,174.5,400.0
09:32:18.422,174.5,400.0
09:32:18.546,174.5,600.0
09:32:18.546,174.5,300.0
09:32:18.546,174.5,1000.0
09:32:18.546,174.5,100.0
09:32:18.546,174.5,100.0
09:32:18.546,174.5,100.0
09:32:18.574,174.5,100.0
09:32:19.178,174.5,200.0
09:32:19.178,174.5,800.0
09:32:19.178,174.5,200.0
09:32:19.202,174.6,300.0
09:32:20.362,174.5,100.0
09:32:20.782,174.6,100.0
09:32:20.782,174.6,100.0
09:32:21.214,174.5,100.0
09:32:21.238,174.5,100.0
09:32:21.238,174.5,100.0
09:32:21.254,174.4,100.0
09:32:21.254,174.4,100.0
09:32:21.254,174.4,200.0
09:32:21.498,174.4,100.0
09:32:21.498,174.4,100.0
09:32:21.538,174.4,100.0
09:32:21.566,174.4,200.0
09:32:21.634,174.3,200.0
09:32:21.698,174.3,100.0
09:32:21.730,174.3,200.0
09:32:21.950,174.3,200.0
09:32:21.990,174.3,300.0
09:32:22.010,174.2,200.0
09:32:22.023,174.2,100.0
09:32:22.023,174.2,100.0
09:32:22.410,174.2,100.0
09:32:22.410,174.2,100.0
09:32:22.470,174.2,200.0
09:32:22.614,174.2,200.0
09:32:22.703,174.2,100.0
09:32:23.426,174.4,200.0
09:32:23.426,174.4,800.0
09:32:23.831,174.2,100.0
09:32:24.291,174.4,200.0
09:32:24.291,174.4,100.0
09:32:24.291,174.4,1000.0
09:32:24.291,174.4,300.0
09:32:24.474,174.3,100.0
09:32:25.254,174.3,2900.0
09:32:25.254,174.3,600.0
09:32:25.702,174.3,400.0
09:32:25.702,174.3,1000.0
09:32:25.702,174.3,1100.0
09:32:25.702,174.3,100.0
09:32:25.702,174.3,3000.0
09:32:25.702,174.3,100.0
09:32:25.702,174.3,600.0
09:32:25.702,174.3,100.0
09:32:27.130,174.3,100.0
09:32:27.202,174.3,900.0
09:32:27.202,174.3,400.0
09:32:27.206,174.3,100.0
09:32:27.266,174.3,200.0
09:32:27.306,174.3,300.0
09:32:27.306,174.3,100.0
09:32:27.306,174.3,100.0
09:32:27.306,174.3,200.0
09:32:27.306,174.3,200.0
09:32:27.306,174.3,800.0
09:32:27.306,174.3,100.0
09:32:27.414,174.3,100.0
09:32:27.466,174.3,200.0
09:32:27.534,174.3,100.0
09:32:27.554,174.3,100.0
09:32:27.586,174.3,100.0
09:32:27.662,174.2,100.0
09:32:27.683,174.2,100.0
09:32:27.782,174.2,200.0
09:32:28.038,174.4,100.0
09:32:28.038,174.4,200.0
09:32:28.478,174.3,100.0
09:32:29.987,174.3,100.0
09:32:30.114,174.2,300.0
09:32:30.114,174.2,200.0
09:32:30.114,174.2,800.0
09:32:30.187,174.2,1200.0
09:32:30.306,174.2,1000.0
09:32:30.306,174.2,200.0
09:32:30.306,174.2,100.0
09:32:30.306,174.2,100.0
09:32:30.306,174.2,200.0
09:32:30.422,174.2,200.0
09:32:30.842,174.3,100.0
09:32:31.634,174.4,400.0
09:32:32.050,174.2,400.0
09:32:32.051,174.2,100.0
09:32:32.051,174.2,100.0
09:32:32.051,174.2,100.0
09:32:32.051,174.2,100.0
09:32:32.051,174.2,1100.0
09:32:32.051,174.2,100.0
09:32:32.051,174.2,100.0
09:32:32.051,174.2,500.0
09:32:32.051,174.2,300.0
09:32:32.063,174.2,100.0
09:32:32.067,174.2,100.0
09:32:32.086,174.1,200.0
09:32:32.090,174.1,500.0
09:32:32.090,174.1,9300.0
09:32:32.090,174.1,200.0
09:32:32.090,174.1,300.0
09:32:32.090,174.1,300.0
09:32:32.090,174.1,200.0
09:32:32.090,174.1,100.0
09:32:32.090,174.1,100.0
09:32:32.814,174.3,2000.0
09:32:33.066,174.0,100.0
09:32:33.130,174.0,200.0
09:32:33.210,174.0,300.0
09:32:33.210,174.0,100.0
09:32:33.210,174.0,400.0
09:32:33.210,174.0,500.0
09:32:33.438,174.0,400.0
09:32:33.438,174.0,600.0
09:32:33.438,174.0,500.0
09:32:33.438,174.0,1000.0
09:32:33.438,174.0,3000.0
09:32:33.438,174.0,200.0
09:32:33.438,174.0,100.0
09:32:33.438,174.0,300.0
09:32:33.438,174.0,200.0
09:32:33.438,174.0,100.0
09:32:33.438,174.0,100.0
09:32:33.438,174.0,100.0
09:32:33.438,174.0,100.0
09:32:33.442,174.0,100.0
09:32:33.442,174.0,100.0
09:32:33.442,174.0,100.0
09:32:33.442,174.0,500.0
09:32:33.442,174.0,1000.0
09:32:33.442,174.0,500.0
09:32:33.442,174.0,100.0
09:32:33.442,174.0,600.0
09:32:33.442,174.0,100.0
09:32:33.558,174.0,100.0
09:32:33.574,174.0,100.0
09:32:33.574,173.9,100.0
09:32:33.587,173.9,100.0
09:32:33.587,173.9,100.0
09:32:33.686,173.9,100.0
09:32:33.686,173.9,100.0
09:32:33.770,173.9,100.0
09:32:34.182,174.0,400.0
09:32:36.054,173.9,300.0
09:32:36.082,173.9,100.0
09:32:36.082,173.9,200.0
09:32:36.254,173.9,300.0
09:32:36.383,173.9,100.0
09:32:36.390,173.8,100.0
09:32:36.422,173.8,300.0
09:32:36.770,173.8,300.0
09:32:36.802,173.8,300.0
09:32:36.831,173.8,300.0
09:32:37.122,173.8,300.0
09:32:37.586,174.0,100.0
09:32:37.606,174.1,100.0
09:32:37.606,174.1,1000.0
09:32:37.606,174.1,1000.0
09:32:37.606,174.1,100.0
09:32:37.606,174.2,100.0
09:32:37.606,174.2,1000.0
09:32:37.606,174.2,1000.0
09:32:37.606,174.2,400.0
09:32:37.606,174.2,200.0
09:32:37.606,174.2,100.0
09:32:37.606,174.2,500.0
09:32:37.606,174.2,100.0
09:32:37.606,174.3,2200.0
09:32:37.606,174.3,800.0
09:32:37.606,174.3,2800.0
09:32:37.606,174.3,2300.0
09:32:37.606,174.3,200.0
09:32:37.606,174.3,400.0
09:32:37.606,174.3,100.0
09:32:37.606,174.3,1000.0
09:32:37.606,174.3,1600.0
09:32:37.606,174.3,900.0
09:32:37.606,174.4,100.0
09:32:37.606,174.4,100.0
09:32:37.606,174.4,500.0
09:32:37.606,174.4,100.0
09:32:37.606,174.4,400.0
09:32:37.606,174.4,900.0
09:32:37.931,174.0,100.0
09:32:37.931,174.0,200.0
09:32:38.286,174.4,100.0
09:32:38.286,174.4,1000.0
09:32:38.286,174.4,600.0
09:32:38.286,174.4,200.0
09:32:38.286,174.4,200.0
09:32:38.286,174.4,200.0
09:32:38.286,174.4,100.0
09:32:38.286,174.4,300.0
09:32:38.591,174.0,200.0
09:32:39.103,174.3,100.0
09:32:39.170,174.2,200.0
09:32:39.186,174.3,100.0
09:32:39.206,174.2,300.0
09:32:39.242,174.2,800.0
09:32:39.323,174.2,800.0
09:32:39.434,174.2,800.0
09:32:39.466,174.2,200.0
09:32:39.650,174.2,300.0
09:32:39.674,174.2,100.0
09:32:39.678,174.2,100.0
09:32:39.714,174.2,200.0
09:32:39.787,174.2,100.0
09:32:39.874,174.2,400.0
09:32:40.334,174.2,800.0
09:32:40.722,174.2,1000.0
09:32:40.958,174.4,300.0
09:32:41.266,174.2,300.0
09:32:41.498,174.3,500.0
09:32:41.714,174.3,100.0
09:32:41.722,174.2,200.0
09:32:41.799,174.2,1600.0
09:32:41.835,174.2,3000.0
09:32:41.886,174.2,700.0
09:32:41.886,174.2,1300.0
09:32:41.886,174.2,100.0
09:32:41.886,174.1,100.0
09:32:41.886,174.0,100.0
09:32:41.886,174.0,200.0
09:32:41.886,174.0,200.0
09:32:41.886,174.0,200.0
09:32:41.886,174.0,200.0
09:32:41.886,174.0,200.0
09:32:41.886,174.0,200.0
09:32:41.886,174.0,200.0
09:32:41.886,174.0,100.0
09:32:41.894,174.0,1000.0
09:32:41.918,174.0,600.0
09:32:42.279,174.0,100.0
09:32:42.315,174.0,100.0
09:32:42.402,174.0,600.0
09:32:43.510,174.1,100.0
09:32:43.510,174.1,1000.0
09:32:43.510,174.0,300.0
09:32:43.510,174.0,300.0
09:32:44.006,174.2,300.0
09:32:44.830,174.1,100.0
09:32:44.830,174.1,100.0
09:32:44.966,174.1,100.0
09:32:44.998,174.1,200.0
09:32:45.054,174.1,100.0
09:32:45.110,174.1,300.0
09:32:45.110,174.0,700.0
09:32:45.110,174.0,800.0
09:32:45.110,174.0,100.0
09:32:45.142,174.0,400.0
09:32:45.142,174.0,100.0
09:32:45.142,174.0,600.0
09:32:45.142,173.9,100.0
09:32:45.142,173.9,100.0
09:32:45.314,173.9,100.0
09:32:45.382,173.9,200.0
09:32:45.390,173.9,100.0
09:32:45.443,173.9,100.0
09:32:45.530,173.9,400.0
09:32:45.626,173.9,200.0
09:32:46.934,174.2,1700.0
09:32:47.939,174.0,100.0
09:32:48.386,173.9,600.0
09:32:48.387,173.9,400.0
09:32:48.387,173.9,200.0
09:32:48.387,173.9,100.0
09:32:48.506,174.1,100.0
09:32:48.630,173.9,200.0
09:32:49.555,173.9,100.0
09:32:49.555,173.9,300.0
09:32:49.803,174.0,200.0
09:32:49.803,173.9,100.0
09:32:50.426,174.0,100.0
09:32:50.618,174.0,200.0
09:32:50.742,174.0,100.0
09:32:51.158,173.9,100.0
09:32:51.159,173.9,200.0
09:32:51.159,173.9,100.0
09:32:51.218,173.9,100.0
09:32:51.218,173.9,100.0
09:32:51.218,173.9,200.0
09:32:51.218,173.9,100.0
09:32:51.218,173.8,100.0
09:32:51.391,173.8,100.0
09:32:51.590,173.8,100.0
09:32:51.654,173.8,100.0
09:32:52.182,173.9,3000.0
09:32:52.182,173.9,1000.0
09:32:52.182,173.9,1000.0
09:32:52.410,173.9,100.0
09:32:52.842,173.9,300.0
09:32:53.118,173.9,500.0
09:32:53.451,173.9,300.0
09:32:53.451,173.9,600.0
09:32:53.451,173.9,4100.0
09:32:53.455,173.9,100.0
09:32:53.455,173.9,200.0
09:32:53.455,173.9,100.0
09:32:53.675,173.0,57.0
09:32:54.018,173.8,100.0
09:32:54.186,173.8,900.0
09:32:54.319,173.8,2000.0
09:32:54.334,173.8,200.0
09:32:54.334,173.8,200.0
09:32:54.334,173.8,100.0
09:32:54.334,173.8,300.0
09:32:54.334,173.8,700.0
09:32:54.334,173.8,300.0
09:32:54.334,173.8,2000.0
09:32:54.334,173.8,1000.0
09:32:54.334,173.8,300.0
09:32:54.334,173.8,200.0
09:32:54.334,173.8,100.0
09:32:54.334,173.8,100.0
09:32:54.334,173.8,100.0
09:32:54.334,173.8,100.0
09:32:54.334,173.8,300.0
09:32:54.335,173.8,100.0
09:32:54.335,173.8,200.0
09:32:54.434,173.7,100.0
09:32:54.454,173.7,200.0
09:32:54.458,173.7,24700.0
09:32:54.458,173.7,2000.0
09:32:54.458,173.7,100.0
09:32:54.583,173.6,500.0
09:32:55.610,173.9,400.0
09:32:55.610,173.9,600.0
09:32:55.698,173.9,200.0
09:32:57.103,173.6,200.0
09:32:57.103,173.6,200.0
09:32:57.214,173.6,1900.0
09:32:57.242,173.6,2900.0
09:32:57.442,173.6,200.0
09:32:57.507,173.6,100.0
09:32:57.562,173.6,100.0
09:32:57.598,173.6,200.0
09:32:57.686,173.6,200.0
09:32:57.734,173.6,400.0
09:32:57.771,173.6,400.0
09:32:58.394,173.1,8.0
09:32:58.522,173.6,100.0
09:32:58.590,173.6,400.0
09:32:58.842,173.8,100.0
09:32:59.274,173.6,100.0
09:32:59.806,173.9,200.0
09:32:59.807,173.9,1000.0
09:32:59.807,173.9,2500.0
09:32:59.807,173.9,600.0
09:32:59.807,173.9,200.0
09:32:59.807,173.9,100.0
09:32:59.807,173.9,2000.0
09:32:59.807,173.9,200.0
09:32:59.807,173.9,400.0
09:33:00.014,173.8,200.0
09:33:00.279,173.8,2300.0
09:33:00.386,173.8,200.0
09:33:00.578,173.8,600.0
09:33:00.622,173.9,100.0
09:33:01.294,173.9,1000.0
09:33:01.851,173.8,3900.0
09:33:01.862,173.8,2500.0
09:33:01.922,173.8,800.0
09:33:01.930,173.8,2900.0
09:33:02.571,173.9,100.0
09:33:02.618,173.9,300.0
09:33:02.930,173.8,100.0
09:33:03.066,173.8,200.0
09:33:03.114,173.8,1100.0
09:33:03.207,173.8,1600.0
09:33:03.322,173.8,100.0
09:33:03.366,173.8,100.0
09:33:03.370,173.8,400.0
09:33:03.506,173.8,200.0
09:33:03.566,173.8,300.0
09:33:03.614,173.8,200.0
09:33:04.018,173.9,100.0
09:33:04.242,173.8,1000.0
09:33:04.838,173.8,1000.0
09:33:04.942,173.9,100.0
09:33:05.270,173.8,1000.0
09:33:05.538,173.9,800.0
09:33:05.546,173.8,1600.0
09:33:05.971,173.8,100.0
09:33:06.127,173.8,300.0
09:33:06.254,173.9,100.0
09:33:06.254,173.9,2500.0
09:33:06.254,173.9,600.0
09:33:06.254,173.9,1000.0
09:33:06.254,173.9,100.0
09:33:06.254,173.9,100.0
09:33:06.254,173.9,600.0
09:33:06.310,173.8,200.0
09:33:06.362,173.8,1200.0
09:33:06.398,173.8,100.0
09:33:06.418,173.8,100.0
09:33:06.478,173.8,400.0
09:33:06.526,173.9,100.0
09:33:08.490,173.8,300.0
09:33:08.642,173.8,100.0
09:33:09.018,173.9,100.0
09:33:09.135,173.8,200.0
09:33:09.270,173.8,900.0
09:33:09.298,173.8,600.0
09:33:09.618,173.8,100.0
09:33:09.682,173.8,100.0
09:33:09.682,173.8,200.0
09:33:09.726,173.9,500.0
09:33:09.738,173.8,100.0
09:33:09.770,173.8,200.0
09:33:10.090,173.9,100.0
09:33:11.366,173.8,100.0
09:33:11.730,173.8,200.0
09:33:11.790,173.9,500.0
09:33:11.875,173.8,2500.0
09:33:11.930,173.8,700.0
09:33:11.930,173.8,3800.0
09:33:11.954,173.8,2900.0
09:33:12.066,173.8,100.0
09:33:12.315,173.8,600.0
09:33:12.398,173.9,100.0
09:33:12.638,173.8,100.0
09:33:12.674,173.8,200.0
09:33:13.066,173.8,1000.0
09:33:13.070,173.8,200.0
09:33:13.078,173.8,400.0
09:33:13.110,173.8,100.0
09:33:13.262,173.8,900.0
09:33:13.274,173.8,100.0
09:33:13.274,173.8,100.0
09:33:13.274,173.8,500.0
09:33:13.274,173.8,100.0
09:33:13.274,173.8,100.0
09:33:13.274,173.8,100.0
09:33:13.274,173.8,100.0
09:33:13.274,173.8,600.0
09:33:13.274,173.8,200.0
09:33:13.274,173.8,100.0
09:33:13.274,173.8,200.0
09:33:13.274,173.8,100.0
09:33:13.274,173.8,1000.0
09:33:13.274,173.8,100.0
09:33:13.274,173.8,100.0
09:33:13.274,173.8,100.0
09:33:13.275,173.8,100.0
09:33:13.275,173.8,100.0
09:33:14.970,173.8,100.0
09:33:15.126,173.8,100.0
09:33:15.126,173.7,100.0
09:33:15.158,173.7,200.0
09:33:15.430,173.7,100.0
09:33:15.434,173.7,200.0
09:33:15.515,173.7,100.0
09:33:15.578,173.7,100.0
09:33:15.726,173.7,100.0
09:33:15.854,173.7,200.0
09:33:15.918,173.7,200.0
09:33:15.947,173.7,200.0
09:33:16.362,173.7,200.0
09:33:16.506,173.7,200.0
09:33:16.726,173.8,100.0
09:33:16.726,173.8,1000.0
09:33:16.726,173.8,1000.0
09:33:17.410,173.7,200.0
09:33:18.018,173.7,1000.0
09:33:18.130,173.7,100.0
09:33:18.406,173.7,1800.0
09:33:18.406,173.7,100.0
09:33:18.406,173.7,200.0
09:33:18.406,173.7,100.0
09:33:18.406,173.7,100.0
09:33:18.406,173.7,100.0
09:33:18.406,173.7,100.0
09:33:18.406,173.7,500.0
09:33:18.510,172.8,35.0
09:33:18.562,173.7,100.0
09:33:18.578,173.8,200.0
09:33:18.586,173.7,100.0
09:33:18.614,173.7,100.0
09:33:18.614,173.6,100.0
09:33:18.842,173.8,1000.0
09:33:19.330,173.8,400.0
09:33:19.474,173.8,500.0
09:33:20.746,173.8,200.0
09:33:21.226,173.7,100.0
09:33:21.266,173.7,600.0
09:33:21.506,173.7,100.0
09:33:21.614,173.7,100.0
09:33:21.706,173.8,1000.0
09:33:21.850,173.7,200.0
09:33:21.850,173.7,200.0
09:33:21.850,173.7,400.0
09:33:21.870,173.7,100.0
09:33:23.310,173.6,600.0
09:33:24.134,173.6,200.0
09:33:24.163,173.6,100.0
09:33:24.242,173.7,100.0
09:33:24.242,173.7,600.0
09:33:24.242,173.7,1100.0
09:33:24.242,173.7,1800.0
09:33:24.242,173.7,100.0
09:33:24.266,173.7,1400.0
09:33:24.414,173.7,800.0
09:33:24.466,173.7,100.0
09:33:24.502,173.7,200.0
09:33:24.566,173.7,100.0
09:33:24.754,173.7,200.0
09:33:25.998,173.7,3500.0
09:33:25.999,173.7,100.0
09:33:26.078,173.7,100.0
09:33:26.078,173.7,1000.0
09:33:26.078,173.7,200.0
09:33:26.742,173.8,1000.0
09:33:26.990,173.7,100.0
09:33:27.010,173.7,600.0
09:33:27.166,173.7,100.0
09:33:27.258,173.7,100.0
09:33:27.258,173.7,100.0
09:33:27.258,173.7,500.0
09:33:27.258,173.7,200.0
09:33:27.258,173.7,300.0
09:33:27.258,173.7,100.0
09:33:27.347,173.7,100.0
09:33:27.379,173.7,200.0
09:33:28.519,173.6,600.0
09:33:29.322,173.8,3600.0
09:33:29.322,173.8,200.0
09:33:29.322,173.8,100.0
09:33:29.322,173.8,200.0
09:33:29.322,173.8,1000.0
09:33:29.326,173.8,1200.0
09:33:29.326,173.8,1000.0
09:33:29.326,173.8,900.0
09:33:29.326,173.8,100.0
09:33:29.326,173.8,200.0
09:33:29.326,173.8,500.0
09:33:29.326,173.8,200.0
09:33:29.326,173.8,100.0
09:33:29.326,173.8,100.0
09:33:29.326,173.8,300.0
09:33:29.326,173.8,500.0
09:33:29.326,173.8,200.0
09:33:29.326,173.8,600.0
09:33:29.326,173.8,500.0
09:33:29.371,173.8,100.0
09:33:29.998,173.7,100.0
09:33:30.126,173.7,100.0
09:33:30.315,173.9,100.0
09:33:30.315,173.9,900.0
09:33:30.319,173.9,2100.0
09:33:30.319,173.9,500.0
09:33:30.319,173.9,200.0
09:33:30.319,173.9,1000.0
09:33:30.355,173.8,100.0
09:33:30.362,173.8,400.0
09:33:30.518,173.8,100.0
09:33:30.578,173.8,100.0
09:33:30.814,173.8,100.0
09:33:31.110,173.8,100.0
09:33:31.366,173.8,100.0
09:33:31.627,173.8,100.0
09:33:31.931,173.8,300.0
09:33:32.030,173.8,100.0
09:33:32.335,173.8,100.0
09:33:33.162,173.8,100.0
09:33:33.255,173.8,300.0
09:33:33.334,173.8,500.0
09:33:33.334,173.8,200.0
09:33:33.334,173.8,100.0
09:33:33.570,173.8,100.0
09:33:33.606,173.8,100.0
09:33:33.630,173.8,100.0
09:33:33.634,173.8,100.0
09:33:33.642,173.8,100.0
09:33:33.782,173.8,200.0
09:33:33.802,174.0,100.0
09:33:33.802,174.0,100.0
09:33:33.911,173.8,300.0
09:33:33.911,173.8,200.0
09:33:33.911,173.8,100.0
09:33:35.814,173.8,100.0
09:33:35.995,173.8,100.0
09:33:36.530,174.0,5600.0
09:33:36.530,174.0,200.0
09:33:36.530,174.0,2500.0
09:33:36.558,173.8,100.0
09:33:37.750,173.8,200.0
09:33:37.750,173.8,200.0
09:33:38.786,173.8,200.0
09:33:38.910,173.8,100.0
09:33:38.974,173.8,100.0
09:33:39.066,173.8,2300.0
09:33:39.098,173.8,400.0
09:33:39.274,173.8,1800.0
09:33:39.334,173.8,100.0
09:33:39.382,173.8,200.0
09:33:39.383,173.8,200.0
09:33:39.426,173.8,100.0
09:33:39.438,173.8,100.0
09:33:39.895,174.0,200.0
09:33:39.895,174.0,200.0
09:33:39.895,174.0,1200.0
09:33:39.895,174.0,700.0
09:33:40.434,173.8,100.0
09:33:40.770,173.8,100.0
09:33:40.771,173.8,400.0
09:33:40.771,173.8,100.0
09:33:40.771,173.8,800.0
09:33:40.771,173.8,100.0
09:33:40.771,173.8,100.0
09:33:40.771,173.8,400.0
09:33:41.926,173.8,100.0
09:33:41.927,173.8,100.0
09:33:42.262,173.8,100.0
09:33:42.262,173.8,100.0
09:33:42.383,173.8,100.0
09:33:45.154,173.8,300.0
09:33:45.154,173.8,100.0
09:33:45.154,173.8,100.0
09:33:45.214,173.8,300.0
09:33:45.214,173.8,100.0
09:33:45.434,173.8,1000.0
09:33:45.474,173.8,400.0
09:33:45.614,173.8,100.0
09:33:45.690,173.8,100.0
09:33:46.742,174.0,2000.0
09:33:46.782,174.0,300.0
09:33:47.171,174.0,300.0
09:33:47.426,174.0,1700.0
09:33:47.426,174.0,100.0
09:33:48.378,173.8,100.0
09:33:48.430,173.8,100.0
09:33:49.138,173.9,200.0
09:33:49.138,173.9,100.0
09:33:49.138,173.9,100.0
09:33:49.138,173.9,100.0
09:33:49.138,173.9,1000.0
09:33:49.138,173.9,100.0
09:33:49.138,173.8,3100.0
09:33:49.138,173.8,200.0
09:33:49.138,173.8,600.0
09:33:49.138,173.8,200.0
09:33:49.138,173.8,100.0
09:33:49.138,173.8,500.0
09:33:49.223,174.0,100.0
09:33:50.290,173.9,100.0
09:33:50.362,174.0,200.0
09:33:50.363,174.0,400.0
09:33:50.730,174.0,900.0
09:33:50.938,173.8,100.0
09:33:50.970,173.8,100.0
09:33:51.054,173.8,100.0
09:33:51.162,173.8,100.0
09:33:51.274,173.8,100.0
09:33:51.330,173.8,100.0
09:33:51.386,173.8,100.0
09:33:51.414,173.8,100.0
09:33:51.422,173.9,100.0
09:33:51.487,173.85,300.0
09:33:51.558,173.8,100.0
09:33:51.586,173.8,100.0
09:33:51.626,173.8,100.0
09:33:51.782,173.9,400.0
09:33:51.782,173.9,500.0
09:33:51.810,173.8,100.0
09:33:52.182,173.8,100.0
09:33:52.218,173.8,100.0
09:33:52.522,173.8,100.0
09:33:52.558,173.8,100.0
09:33:52.710,173.9,1500.0
09:33:52.710,173.9,700.0
09:33:52.710,173.9,2000.0
09:33:52.710,173.9,400.0
09:33:52.774,174.0,200.0
09:33:52.774,174.0,100.0
09:33:52.774,174.0,200.0
09:33:53.134,173.9,100.0
09:33:53.418,173.9,200.0
09:33:53.470,174.0,100.0
09:33:54.054,173.9,100.0
09:33:54.054,173.9,100.0
09:33:54.054,173.9,100.0
09:33:54.054,173.9,100.0
09:33:54.054,173.9,100.0
09:33:54.054,173.9,100.0
09:33:54.134,174.0,100.0
09:33:54.134,174.0,300.0
09:33:54.302,173.9,100.0
09:33:54.302,173.8,100.0
09:33:54.302,173.8,400.0
09:33:54.366,173.8,100.0
09:33:54.426,173.8,100.0
09:33:54.671,173.8,800.0
09:33:55.074,173.8,100.0
09:33:55.162,174.0,100.0
09:33:55.606,174.0,1200.0
09:33:55.607,174.0,100.0
09:33:55.607,174.0,500.0
09:33:56.011,174.0,800.0
09:33:56.070,174.0,100.0
09:33:56.738,174.0,100.0
09:33:56.971,173.8,100.0
09:33:56.998,173.8,100.0
09:33:57.222,173.8,100.0
09:33:57.282,174.0,100.0
09:33:57.402,173.8,100.0
09:33:57.403,173.8,100.0
09:33:58.038,174.0,1000.0
09:33:58.618,174.0,100.0
09:33:59.643,174.0,300.0
09:33:59.802,174.0,200.0
09:33:59.966,173.9,100.0
09:33:59.966,173.9,100.0
09:33:59.966,173.9,100.0
09:33:59.966,173.9,200.0
09:33:59.994,173.9,100.0
09:33:59.994,173.8,400.0
09:34:00.230,173.8,400.0
09:34:00.402,174.0,100.0
09:34:00.418,174.0,100.0
09:34:00.418,174.0,100.0
09:34:00.434,173.8,200.0
09:34:00.566,174.0,100.0
09:34:00.570,173.9,100.0
09:34:00.954,174.0,100.0
09:34:01.538,173.9,100.0
09:34:02.946,173.8,100.0
09:34:03.339,173.9,100.0
09:34:03.366,173.8,100.0
09:34:03.426,173.8,100.0
09:34:04.294,174.0,800.0
09:34:04.294,174.0,400.0
09:34:04.294,174.0,200.0
09:34:04.294,174.0,200.0
09:34:04.294,174.0,100.0
09:34:04.294,174.0,200.0
09:34:04.294,174.0,2500.0
09:34:04.294,174.0,400.0
09:34:04.294,174.0,100.0
09:34:04.294,174.0,700.0
09:34:05.370,174.0,200.0
09:34:06.158,174.0,800.0
09:34:06.246,174.0,700.0
09:34:06.463,174.0,100.0
09:34:06.490,174.0,400.0
09:34:06.714,174.0,100.0
09:34:09.382,174.0,100.0
09:34:09.402,174.0,100.0
09:34:09.510,174.0,11900.0
09:34:09.510,174.0,100.0
09:34:09.510,174.0,900.0
09:34:09.510,174.0,100.0
09:34:09.510,174.0,200.0
09:34:09.510,174.0,1100.0
09:34:09.510,174.0,3000.0
09:34:09.510,174.0,1700.0
09:34:09.510,174.0,100.0
09:34:09.510,174.0,1000.0
09:34:09.510,174.0,100.0
09:34:09.510,174.0,100.0
09:34:09.510,174.0,100.0
09:34:09.510,174.0,500.0
09:34:09.510,174.0,100.0
09:34:09.510,174.0,100.0
09:34:09.510,173.9,600.0
09:34:09.510,173.9,100.0
09:34:09.510,173.9,100.0
09:34:09.510,173.8,1700.0
09:34:09.510,173.8,200.0
09:34:09.510,173.8,100.0
09:34:09.510,173.8,1000.0
09:34:09.510,173.8,100.0
09:34:09.586,173.8,100.0
09:34:09.610,173.8,100.0
09:34:09.618,173.8,100.0
09:34:10.818,174.0,100.0
09:34:10.819,174.0,800.0
09:34:10.819,174.0,200.0
09:34:10.819,174.0,200.0
09:34:11.870,173.9,100.0
09:34:12.014,173.9,200.0
09:34:12.014,173.9,1100.0
09:34:12.094,173.9,600.0
09:34:12.094,173.9,100.0
09:34:12.094,173.8,200.0
09:34:12.094,173.8,800.0
09:34:12.262,173.8,200.0
09:34:12.262,173.8,200.0
09:34:12.262,173.8,600.0
09:34:12.262,173.8,300.0
09:34:12.366,173.8,100.0
09:34:12.410,173.8,100.0
09:34:12.415,173.8,200.0
09:34:12.466,173.8,200.0
09:34:12.466,173.8,100.0
09:34:12.466,173.8,100.0
09:34:12.890,174.0,200.0
09:34:12.891,174.0,100.0
09:34:12.891,174.0,500.0
09:34:12.891,174.0,100.0
09:34:13.842,174.0,100.0
09:34:14.098,174.0,100.0
09:34:14.230,174.0,300.0
09:34:14.458,174.0,200.0
09:34:14.927,174.0,400.0
09:34:14.966,173.8,100.0
09:34:15.022,174.0,1000.0
09:34:15.022,174.0,500.0
09:34:15.022,174.0,500.0
09:34:15.250,173.9,100.0
09:34:15.250,173.9,100.0
09:34:15.250,173.9,100.0
09:34:15.250,173.8,100.0
09:34:15.310,173.8,100.0
09:34:15.454,173.8,100.0
09:34:15.454,173.9,100.0
09:34:15.486,174.0,300.0
09:34:15.514,173.8,300.0
09:34:15.870,174.0,100.0
09:34:16.430,174.0,500.0
09:34:16.430,174.0,500.0
09:34:17.998,174.0,100.0
09:34:18.062,174.0,100.0
09:34:18.063,174.0,600.0
09:34:18.095,174.0,200.0
09:34:18.095,174.0,100.0
09:34:18.095,174.0,100.0
09:34:18.339,173.8,500.0
09:34:18.375,173.8,100.0
09:34:18.394,173.8,100.0
09:34:18.402,173.8,100.0
09:34:18.454,174.0,500.0
09:34:18.470,174.0,100.0
09:34:21.394,174.0,100.0
09:34:22.522,174.1,4100.0
09:34:22.522,174.1,300.0
09:34:22.522,174.1,300.0
09:34:22.522,174.1,300.0
09:34:22.522,174.1,100.0
09:34:22.522,174.1,400.0
09:34:22.522,174.1,100.0
09:34:22.522,174.1,800.0
09:34:22.659,174.2,2000.0
09:34:22.659,174.2,3000.0
09:34:22.659,174.2,200.0
09:34:22.659,174.2,1000.0
09:34:23.595,174.2,600.0
09:34:23.595,174.2,100.0
09:34:23.595,174.2,200.0
09:34:23.595,174.2,100.0
09:34:23.922,174.1,100.0
09:34:23.962,174.0,100.0
09:34:24.019,174.0,200.0
09:34:24.019,174.0,600.0
09:34:24.047,174.0,400.0
09:34:24.047,174.0,100.0
09:34:24.070,174.0,100.0
09:34:24.070,174.0,100.0
09:34:24.070,174.0,800.0
09:34:24.174,174.0,700.0
09:34:24.334,174.0,100.0
09:34:24.454,174.0,100.0
09:34:24.514,174.0,100.0
09:34:24.515,174.0,200.0
09:34:26.246,174.3,200.0
09:34:26.370,174.0,600.0
09:34:27.423,174.0,100.0
09:34:27.478,174.3,100.0
09:34:27.790,174.0,300.0
09:34:27.790,174.0,100.0
09:34:27.790,174.0,100.0
09:34:27.790,174.0,400.0
09:34:27.790,174.0,100.0
09:34:28.367,174.2,200.0
09:34:29.923,174.2,100.0
09:34:30.018,174.2,100.0
09:34:30.018,174.2,100.0
09:34:30.018,174.2,100.0
09:34:30.022,174.2,100.0
09:34:30.022,174.2,100.0
09:34:30.046,174.2,400.0
09:34:30.326,174.2,100.0
09:34:30.346,174.1,100.0
09:34:30.374,174.1,100.0
09:34:30.375,174.1,200.0
09:34:30.375,174.1,800.0
09:34:30.423,174.1,100.0
09:34:30.462,174.1,100.0
09:34:31.830,174.3,100.0
09:34:31.914,174.3,1000.0
09:34:32.138,174.3,100.0
09:34:32.494,174.3,1600.0
09:34:33.170,174.2,400.0
09:34:33.391,174.3,300.0
09:34:33.782,174.3,200.0
09:34:34.398,174.2,100.0
09:34:34.398,174.2,100.0
09:34:34.398,174.2,100.0
09:34:34.398,174.2,200.0
09:34:35.654,174.3,300.0
09:34:35.994,174.2,100.0
09:34:36.002,174.3,1000.0
09:34:36.146,174.2,200.0
09:34:36.274,174.2,100.0
09:34:36.318,174.2,100.0
09:34:36.526,174.2,100.0
09:34:36.535,174.2,300.0
09:34:36.583,174.1,100.0
09:34:38.847,174.1,100.0
09:34:38.847,174.1,100.0
09:34:38.847,174.1,600.0
09:34:38.847,174.1,100.0
09:34:38.847,174.1,700.0
09:34:39.030,174.1,200.0
09:34:39.031,174.1,100.0
09:34:39.031,174.1,100.0
09:34:39.031,174.1,100.0
09:34:39.566,174.1,100.0
09:34:40.298,174.2,200.0
09:34:40.298,174.2,100.0
09:34:40.298,174.2,100.0
09:34:40.298,174.0,100.0
09:34:40.298,174.0,600.0
09:34:40.298,174.0,400.0
09:34:40.298,174.0,600.0
09:34:40.298,174.0,200.0
09:34:40.478,174.3,200.0
09:34:40.590,174.0,200.0
09:34:40.590,174.0,1000.0
09:34:41.974,174.1,100.0
09:34:42.034,174.0,100.0
09:34:42.035,174.0,100.0
09:34:42.035,174.0,100.0
09:34:42.322,174.1,200.0
09:34:42.322,174.0,300.0
09:34:42.414,174.0,100.0
09:34:42.446,174.0,100.0
09:34:44.562,174.3,200.0
09:34:44.614,174.1,400.0
09:34:44.614,174.1,400.0
09:34:44.614,174.1,200.0
09:34:45.214,174.1,400.0
09:34:45.526,174.1,100.0
09:34:45.874,174.1,100.0
09:34:46.742,174.2,100.0
09:34:47.634,174.2,100.0
09:34:47.634,174.2,100.0
09:34:47.634,174.2,100.0
09:34:47.883,174.3,500.0
09:34:48.106,174.2,100.0
09:34:48.106,174.2,100.0
09:34:48.322,174.1,100.0
09:34:48.466,174.1,100.0
09:34:48.494,174.2,100.0
09:34:48.643,174.1,600.0
09:34:48.990,174.2,100.0
09:34:49.527,174.2,300.0
09:34:50.574,174.2,200.0
09:34:51.002,174.1,100.0
09:34:51.058,174.2,600.0
09:34:51.115,174.1,200.0
09:34:51.274,174.1,100.0
09:34:51.322,174.1,100.0
09:34:51.510,174.1,100.0
09:34:52.662,174.2,100.0
09:34:52.915,174.2,100.0
09:34:54.087,174.1,100.0
09:34:54.190,174.2,300.0
09:34:54.190,174.2,600.0
09:34:54.190,174.3,3600.0
09:34:54.190,174.3,200.0
09:34:54.190,174.3,1000.0
09:34:54.190,174.3,200.0
09:34:54.190,174.3,100.0
09:34:54.190,174.3,10000.0
09:34:54.190,174.3,1100.0
09:34:54.190,174.3,400.0
09:34:54.190,174.3,2500.0
09:34:54.246,174.1,300.0
09:34:57.030,174.2,100.0
09:34:57.066,174.2,100.0
09:34:57.158,174.2,300.0
09:34:57.158,174.2,100.0
09:34:57.158,174.2,100.0
09:34:57.158,174.1,400.0
09:34:57.158,174.1,1500.0
09:34:57.314,174.1,100.0
09:34:57.402,174.1,100.0
09:34:57.435,174.1,100.0
09:34:57.439,174.1,100.0
09:34:57.463,174.1,100.0
09:34:57.471,174.1,200.0
09:34:57.626,174.1,200.0
09:34:59.290,174.2,100.0
09:35:00.398,174.2,600.0
09:35:00.622,174.25,100.0
09:35:01.470,174.3,1500.0
09:35:01.470,174.3,3600.0
09:35:01.470,174.3,100.0
09:35:01.470,174.3,100.0
09:35:01.470,174.3,400.0
09:35:01.470,174.3,600.0
09:35:01.470,174.3,100.0
09:35:02.626,174.2,600.0
09:35:03.155,174.2,100.0
09:35:03.195,174.2,100.0
09:35:03.302,174.2,500.0
09:35:03.334,174.2,200.0
09:35:03.334,174.2,100.0
09:35:03.514,174.3,100.0
09:35:03.574,174.3,100.0
09:35:03.603,174.3,200.0
09:35:03.678,174.3,100.0
09:35:06.282,174.3,100.0
09:35:06.282,174.3,100.0
09:35:06.494,174.4,300.0
09:35:07.114,174.3,100.0
09:35:07.114,174.3,100.0
09:35:07.227,174.3,100.0
09:35:07.227,174.3,100.0
09:35:07.870,174.4,100.0
09:35:08.046,174.4,200.0
09:35:08.046,174.4,300.0
09:35:08.046,174.4,800.0
09:35:08.046,174.4,200.0
09:35:08.046,174.4,200.0
09:35:08.046,174.4,2500.0
09:35:08.046,174.4,200.0
09:35:08.094,174.4,100.0
09:35:09.087,174.4,100.0
09:35:09.250,174.4,300.0
09:35:09.266,174.4,400.0
09:35:09.551,174.4,100.0
09:35:09.646,174.4,100.0
09:35:09.646,174.4,100.0
09:35:10.378,174.5,100.0
09:35:10.378,174.5,100.0
09:35:11.926,174.4,100.0
09:35:12.002,174.4,200.0
09:35:12.002,174.4,100.0
09:35:12.002,174.4,100.0
09:35:12.002,174.4,100.0
09:35:12.002,174.4,500.0
09:35:12.002,174.4,400.0
09:35:12.002,174.3,200.0
09:35:12.002,174.3,100.0
09:35:12.002,174.3,100.0
09:35:12.002,174.3,2600.0
09:35:12.054,174.5,500.0
09:35:12.278,174.3,100.0
09:35:12.354,174.3,600.0
09:35:12.474,174.3,100.0
09:35:12.994,174.4,100.0
09:35:13.026,174.5,100.0
09:35:13.026,174.5,100.0
09:35:13.839,174.5,300.0
09:35:13.839,174.5,100.0
09:35:14.414,174.4,300.0
09:35:14.414,174.4,100.0
09:35:14.530,174.4,100.0
09:35:14.614,174.4,300.0
09:35:15.035,174.4,400.0
09:35:15.162,174.3,300.0
09:35:15.238,174.3,300.0
09:35:15.574,174.3,100.0
09:35:15.574,174.3,100.0
09:35:15.642,174.3,100.0
09:35:15.806,174.4,100.0
09:35:16.470,174.4,100.0
09:35:16.838,174.4,100.0
09:35:17.902,174.4,100.0
09:35:18.082,174.3,100.0
09:35:18.171,174.4,400.0
09:35:18.366,174.3,400.0
09:35:18.402,174.4,300.0
09:35:18.462,174.3,100.0
09:35:18.466,174.4,100.0
09:35:21.066,174.3,400.0
09:35:22.158,174.4,100.0
09:35:22.158,174.4,200.0
09:35:22.702,174.3,100.0
09:35:22.702,174.3,300.0
09:35:23.294,174.4,200.0
09:35:23.294,174.4,500.0
09:35:23.294,174.4,200.0
09:35:23.294,174.4,800.0
09:35:23.294,174.5,100.0
09:35:23.294,174.5,100.0
09:35:23.294,174.5,200.0
09:35:23.294,174.5,200.0
09:35:23.294,174.5,100.0
09:35:23.294,174.5,600.0
09:35:23.770,174.4,400.0
09:35:24.006,174.4,300.0
09:35:24.006,174.4,100.0
09:35:24.362,174.4,100.0
09:35:24.478,174.4,100.0
09:35:24.591,174.5,200.0
09:35:26.206,174.5,800.0
09:35:26.206,174.5,600.0
09:35:26.698,174.5,1200.0
09:35:26.807,174.4,100.0
09:35:26.807,174.4,200.0
09:35:26.807,174.4,100.0
09:35:26.823,174.4,100.0
09:35:26.962,174.4,100.0
09:35:27.022,174.3,300.0
09:35:27.278,174.3,100.0
09:35:27.366,174.4,100.0
09:35:27.370,174.3,100.0
09:35:27.386,174.4,100.0
09:35:27.678,174.4,100.0
09:35:27.718,174.4,100.0
09:35:27.719,174.4,600.0
09:35:27.810,174.3,200.0
09:35:28.423,174.3,500.0
09:35:28.423,174.3,300.0
09:35:28.423,174.3,200.0
09:35:28.423,174.3,100.0
09:35:28.423,174.3,300.0
09:35:28.423,174.3,200.0
09:35:28.423,174.3,200.0
09:35:28.423,174.3,100.0
09:35:28.447,174.2,200.0
09:35:28.447,174.2,200.0
09:35:28.451,174.2,100.0
09:35:28.451,174.2,100.0
09:35:28.451,174.2,10000.0
09:35:28.451,174.2,800.0
09:35:28.451,174.2,200.0
09:35:28.451,174.2,400.0
09:35:28.451,174.2,1400.0
09:35:28.451,174.2,300.0
09:35:28.486,174.2,300.0
09:35:28.486,174.1,100.0
09:35:28.486,174.1,400.0
09:35:28.486,174.1,100.0
09:35:28.486,174.1,300.0
09:35:28.486,174.1,300.0
09:35:28.486,174.1,5000.0
09:35:28.486,174.1,100.0
09:35:28.486,174.1,100.0
09:35:28.486,174.1,100.0
09:35:28.486,174.1,900.0
09:35:28.486,174.1,200.0
09:35:28.710,174.2,200.0
09:35:29.194,174.2,400.0
09:35:29.738,174.2,500.0
09:35:29.878,174.2,200.0
09:35:29.934,174.2,200.0
09:35:30.034,174.1,100.0
09:35:30.146,174.1,100.0
09:35:30.186,174.0,100.0
09:35:30.255,174.2,100.0
09:35:30.338,174.0,100.0
09:35:30.366,174.0,100.0
09:35:30.426,174.0,100.0
09:35:30.426,174.0,100.0
09:35:30.426,174.0,100.0
09:35:30.466,174.0,100.0
09:35:30.574,174.1,100.0
09:35:30.666,174.1,100.0
09:35:30.810,174.1,100.0
09:35:30.874,174.1,100.0
09:35:31.302,174.1,100.0
09:35:31.418,174.1,100.0
09:35:31.498,174.1,100.0
09:35:31.518,174.1,100.0
09:35:31.546,174.2,500.0
09:35:31.546,174.2,600.0
09:35:31.550,174.2,1000.0
09:35:31.550,174.2,300.0
09:35:31.578,174.1,100.0
09:35:31.670,174.1,100.0
09:35:32.206,174.1,300.0
09:35:32.246,174.1,100.0
09:35:32.770,174.0,100.0
09:35:33.066,174.0,300.0
09:35:33.110,174.0,100.0
09:35:33.207,174.0,200.0
09:35:33.207,174.0,100.0
09:35:33.418,174.0,100.0
09:35:33.478,174.0,100.0
09:35:33.479,174.0,100.0
09:35:33.479,174.0,100.0
09:35:33.542,174.0,100.0
09:35:33.706,174.0,100.0
09:35:33.706,174.0,200.0
09:35:33.734,174.2,500.0
09:35:33.810,174.0,200.0
09:35:33.814,174.0,100.0
09:35:33.902,174.0,300.0
09:35:33.923,174.0,100.0
09:35:33.923,174.0,100.0
09:35:33.923,174.0,800.0
09:35:33.946,174.1,100.0
09:35:33.978,174.1,100.0
09:35:34.266,174.0,300.0
09:35:34.374,174.0,300.0
09:35:34.375,174.0,300.0
09:35:34.718,174.1,500.0
09:35:34.718,174.1,100.0
09:35:35.730,174.1,300.0
09:35:35.915,174.0,3300.0
09:35:35.915,174.0,100.0
09:35:35.915,174.0,500.0
09:35:35.915,174.0,500.0
09:35:35.915,174.0,4100.0
09:35:35.923,174.0,5900.0
09:35:35.923,174.0,100.0
09:35:35.923,174.0,300.0
09:35:35.923,174.0,600.0
09:35:35.923,174.0,100.0
09:35:35.923,174.0,200.0
09:35:35.923,174.0,1000.0
09:35:35.923,174.0,100.0
09:35:35.923,174.0,100.0
09:35:35.927,174.0,100.0
09:35:35.927,174.0,100.0
09:35:35.927,174.0,100.0
09:35:35.927,174.0,500.0
09:35:35.927,174.0,100.0
09:35:36.166,173.9,100.0
09:35:36.206,174.1,200.0
09:35:36.411,174.0,500.0
09:35:36.427,174.0,100.0
09:35:36.526,173.9,100.0
09:35:37.331,174.0,600.0
09:35:37.331,174.0,1000.0
09:35:37.331,174.0,400.0
09:35:37.331,174.0,600.0
09:35:37.362,174.1,500.0
09:35:37.362,174.1,400.0
09:35:37.362,174.1,100.0
09:35:38.274,174.0,100.0
09:35:38.542,174.0,900.0
09:35:38.542,174.0,1000.0
09:35:38.542,174.0,100.0
09:35:38.658,174.0,500.0
09:35:39.010,173.9,200.0
09:35:39.106,173.9,2700.0
09:35:39.110,173.9,4400.0
09:35:39.230,173.9,100.0
09:35:39.370,173.9,100.0
09:35:39.438,173.9,200.0
09:35:39.438,173.9,2100.0
09:35:39.438,173.9,300.0
09:35:39.438,173.9,100.0
09:35:39.438,173.9,100.0
09:35:39.442,173.9,100.0
09:35:39.442,173.9,100.0
09:35:39.442,173.9,100.0
09:35:39.442,173.9,100.0
09:35:39.466,173.8,500.0
09:35:39.514,173.8,100.0
09:35:39.542,173.8,300.0
09:35:39.575,173.8,400.0
09:35:39.576,173.8,300.0
09:35:39.576,173.8,100.0
09:35:39.576,173.8,200.0
09:35:39.576,173.8,200.0
09:35:39.576,173.8,700.0
09:35:39.576,173.8,100.0
09:35:39.576,173.8,100.0
09:35:39.576,173.8,200.0
09:35:39.576,173.8,100.0
09:35:39.576,173.8,100.0
09:35:39.576,173.8,10000.0
09:35:39.576,173.8,500.0
09:35:39.576,173.8,300.0
09:35:39.576,173.8,100.0
09:35:39.576,173.8,100.0
09:35:39.576,173.8,500.0
09:35:39.576,173.8,100.0
09:35:39.577,173.8,100.0
09:35:39.577,173.8,100.0
09:35:39.577,173.8,100.0
09:35:39.577,173.8,1000.0
09:35:39.577,173.8,200.0
09:35:39.577,173.8,400.0
09:35:39.577,173.8,1000.0
09:35:39.577,173.8,100.0
09:35:39.577,173.8,100.0
09:35:39.577,173.8,900.0
09:35:39.577,173.8,100.0
09:35:39.577,173.8,300.0
09:35:39.577,173.8,100.0
09:35:39.577,173.8,200.0
09:35:39.577,173.8,100.0
09:35:39.582,173.8,100.0
09:35:40.454,173.9,400.0
09:35:41.022,173.7,400.0
09:35:41.122,173.7,100.0
09:35:41.122,173.7,300.0
09:35:41.930,173.7,100.0
09:35:41.978,173.7,500.0
09:35:42.022,173.7,2500.0
09:35:42.262,173.7,1600.0
09:35:42.262,173.7,1000.0
09:35:42.262,173.7,300.0
09:35:42.262,173.7,100.0
09:35:42.262,173.7,400.0
09:35:42.302,173.7,200.0
09:35:42.303,173.7,100.0
09:35:42.354,173.7,100.0
09:35:42.602,173.9,200.0
09:35:42.602,173.9,300.0
09:35:43.650,173.9,100.0
09:35:44.598,173.9,600.0
09:35:44.598,173.9,1000.0
09:35:44.598,173.9,1900.0
09:35:44.598,173.9,200.0
09:35:44.598,173.9,2000.0
09:35:44.598,173.9,400.0
09:35:44.598,173.9,600.0
09:35:44.598,174.0,400.0
09:35:44.598,174.0,100.0
09:35:44.598,174.0,1000.0
09:35:44.598,174.0,200.0
09:35:44.598,174.0,400.0
09:35:44.598,174.0,600.0
09:35:44.598,174.0,100.0
09:35:44.598,174.0,800.0
09:35:44.598,174.0,1500.0
09:35:44.966,174.0,200.0
09:35:45.106,174.0,100.0
09:35:45.106,174.0,100.0
09:35:45.106,174.0,100.0
09:35:45.106,174.0,100.0
09:35:45.106,174.0,200.0
09:35:45.106,174.0,100.0
09:35:45.106,173.8,600.0
09:35:45.106,173.8,1000.0
09:35:45.358,174.0,100.0
09:35:45.526,173.8,100.0
09:35:45.650,173.8,400.0
09:35:45.678,173.8,200.0
09:35:45.678,173.8,300.0
09:35:45.706,174.1,100.0
09:35:45.735,173.8,500.0
09:35:46.574,173.9,200.0
09:35:48.035,174.0,100.0
09:35:48.090,173.9,200.0
09:35:48.202,173.9,600.0
09:35:48.203,173.9,100.0
09:35:48.207,173.9,400.0
09:35:48.262,173.9,700.0
09:35:48.406,173.9,100.0
09:35:48.470,173.9,700.0
09:35:48.502,173.9,100.0
09:35:49.343,173.9,300.0
09:35:50.386,173.9,100.0
09:35:50.418,173.9,800.0
09:35:50.422,173.9,2300.0
09:35:51.358,173.8,100.0
09:35:51.454,173.8,100.0
09:35:51.482,173.8,100.0
09:35:51.514,173.8,100.0
09:35:51.675,173.8,200.0
09:35:51.702,173.9,100.0
09:35:51.702,173.8,200.0
09:35:52.303,173.9,100.0
09:35:52.303,173.9,100.0
09:35:52.303,173.9,300.0
09:35:52.771,173.9,100.0
09:35:53.966,173.8,100.0
09:35:54.110,173.8,100.0
09:35:54.111,173.8,400.0
09:35:54.139,173.8,100.0
09:35:54.139,173.8,200.0
09:35:54.139,173.8,100.0
09:35:54.218,173.8,600.0
09:35:54.422,173.9,100.0
09:35:55.298,173.9,100.0
09:35:55.299,173.9,1000.0
09:35:55.299,173.9,500.0
09:35:55.358,173.9,400.0
09:35:55.582,173.9,100.0
09:35:55.582,173.9,2500.0
09:35:55.582,173.9,600.0
09:35:55.582,173.9,1000.0
09:35:55.582,173.9,400.0
09:35:55.582,174.0,300.0
09:35:55.582,174.0,1000.0
09:35:55.586,174.0,600.0
09:35:55.586,174.0,400.0
09:35:55.586,174.0,600.0
09:35:55.586,174.0,300.0
09:35:55.586,174.0,400.0
09:35:55.610,174.0,9200.0
09:35:55.682,173.85,1100.0
09:35:55.706,174.0,100.0
09:35:55.707,174.0,900.0
09:35:55.707,174.0,1000.0
09:35:55.707,174.0,200.0
09:35:55.707,174.1,800.0
09:35:55.707,174.1,200.0
09:35:55.707,174.1,200.0
09:35:55.707,174.1,800.0
09:35:55.707,174.1,800.0
09:35:55.707,174.1,100.0
09:35:55.707,174.1,400.0
09:35:55.707,174.1,100.0
09:35:57.094,173.8,300.0
09:35:57.359,173.8,100.0
09:35:57.359,173.8,100.0
09:35:57.359,173.8,100.0
09:35:57.418,173.8,100.0
09:35:57.446,173.8,100.0
09:35:57.446,173.8,100.0
09:35:57.478,173.8,100.0
09:35:57.506,173.8,400.0
09:35:57.591,173.8,100.0
09:35:57.674,173.8,100.0
09:35:57.674,173.8,200.0
09:35:58.610,174.1,600.0
09:35:58.610,174.1,1000.0
09:35:58.610,174.1,700.0
09:35:58.610,174.2,400.0
09:35:58.610,174.2,200.0
09:35:58.610,174.2,400.0
09:35:58.610,174.2,100.0
09:35:58.610,174.2,500.0
09:35:58.610,174.2,600.0
09:35:58.610,174.2,400.0
09:35:58.610,174.2,400.0
09:35:58.610,174.2,1000.0
09:35:58.610,174.3,600.0
09:35:58.610,174.3,600.0
09:35:59.346,174.1,22500.0
09:35:59.966,174.0,100.0
09:36:00.002,174.0,100.0
09:36:00.094,174.0,1000.0
09:36:00.095,174.0,400.0
09:36:00.099,174.0,400.0
09:36:00.099,174.0,200.0
09:36:00.099,174.0,500.0
09:36:00.099,174.0,100.0
09:36:00.099,174.0,100.0
09:36:00.099,174.0,100.0
09:36:00.099,173.9,800.0
09:36:00.275,173.9,1200.0
09:36:00.275,173.9,100.0
09:36:00.275,173.9,300.0
09:36:00.275,173.9,100.0
09:36:00.310,173.9,100.0
09:36:00.998,174.0,200.0
09:36:02.351,174.1,500.0
09:36:02.351,174.1,200.0
09:36:02.351,174.1,300.0
09:36:03.110,174.0,100.0
09:36:03.170,174.0,100.0
09:36:03.206,174.0,100.0
09:36:03.271,174.0,100.0
09:36:03.582,174.0,100.0
09:36:03.618,174.0,100.0
09:36:03.626,173.9,100.0
09:36:03.638,173.9,100.0
09:36:03.650,173.9,100.0
09:36:03.671,173.9,100.0
09:36:03.751,173.9,100.0
09:36:03.778,173.9,100.0
09:36:03.834,173.8,100.0
09:36:03.846,173.8,100.0
09:36:03.866,173.8,100.0
09:36:03.894,174.0,800.0
09:36:03.894,174.0,1000.0
09:36:03.894,174.0,600.0
09:36:03.894,174.0,500.0
09:36:03.894,174.1,400.0
09:36:03.898,174.1,300.0
09:36:03.898,174.1,1000.0
09:36:03.898,174.1,100.0
09:36:03.898,174.1,600.0
09:36:03.898,174.1,100.0
09:36:03.898,174.1,100.0
09:36:03.898,174.1,1000.0
09:36:03.898,174.2,100.0
09:36:03.898,174.2,600.0
09:36:03.898,174.2,1200.0
09:36:03.907,174.2,11600.0
09:36:03.994,173.9,100.0
09:36:04.002,174.25,100.0
09:36:04.314,173.9,100.0
09:36:04.367,173.9,100.0
09:36:04.582,173.8,100.0
09:36:04.614,173.8,100.0
09:36:04.638,173.8,100.0
09:36:04.639,173.8,100.0
09:36:04.666,173.8,100.0
09:36:05.050,173.8,100.0
09:36:05.194,173.8,100.0
09:36:05.358,173.8,100.0
09:36:05.814,173.9,100.0
09:36:06.187,173.9,100.0
09:36:06.326,173.9,100.0
09:36:06.386,173.9,100.0
09:36:06.410,173.9,100.0
09:36:08.262,174.0,100.0
09:36:08.279,173.9,300.0
09:36:08.446,173.9,100.0
09:36:08.446,173.9,200.0
09:36:08.446,173.9,100.0
09:36:09.022,173.8,100.0
09:36:09.114,173.8,100.0
09:36:09.114,173.8,500.0
09:36:09.114,173.8,1000.0
09:36:09.147,173.8,1000.0
09:36:09.147,173.8,600.0
09:36:09.314,173.8,1400.0
09:36:09.314,173.8,100.0
09:36:09.314,173.8,100.0
09:36:09.410,173.8,100.0
09:36:11.970,173.8,200.0
09:36:12.170,173.8,1000.0
09:36:12.438,173.8,300.0
09:36:12.462,173.8,200.0
09:36:12.466,173.8,100.0
09:36:12.466,173.8,100.0
09:36:12.490,173.7,100.0
09:36:12.522,173.7,100.0
09:36:12.674,173.8,100.0
09:36:12.674,173.8,200.0
09:36:12.674,173.8,500.0
09:36:14.770,173.8,200.0
09:36:15.158,173.8,300.0
09:36:15.218,173.8,700.0
09:36:15.315,173.8,100.0
09:36:15.338,173.9,100.0
09:36:16.199,173.9,200.0
09:36:16.199,173.9,300.0
09:36:18.178,173.8,200.0
09:36:18.206,173.8,500.0
09:36:18.602,173.8,100.0
09:36:18.878,173.8,100.0
09:36:19.639,173.9,200.0
09:36:20.406,173.8,4300.0
09:36:21.050,173.8,100.0
09:36:21.498,173.8,100.0
09:36:21.526,173.8,100.0
09:36:21.990,173.8,400.0
09:36:22.898,173.8,2100.0
09:36:22.898,173.8,200.0
09:36:22.898,173.8,100.0
09:36:22.898,173.8,100.0
09:36:22.898,173.8,300.0
09:36:22.902,173.8,300.0
09:36:22.902,173.8,10500.0
09:36:22.902,173.8,500.0
09:36:22.902,173.8,500.0
09:36:22.902,173.8,100.0
09:36:23.370,173.8,100.0
09:36:23.370,173.7,200.0
09:36:24.138,173.8,100.0
09:36:24.138,173.8,100.0
09:36:24.138,173.7,1000.0
09:36:24.179,173.7,100.0
09:36:24.179,173.7,200.0
09:36:24.179,173.7,300.0
09:36:24.179,173.7,300.0
09:36:24.390,173.8,100.0
09:36:24.391,173.7,400.0
09:36:24.391,173.7,500.0
09:36:24.426,173.7,100.0
09:36:24.554,173.7,100.0
09:36:24.586,173.7,100.0
09:36:24.654,173.7,300.0
09:36:25.190,173.7,200.0
09:36:25.250,173.8,100.0
09:36:25.274,173.8,600.0
09:36:25.551,173.7,200.0
09:36:25.551,173.7,100.0
09:36:25.551,173.7,200.0
09:36:25.551,173.7,100.0
09:36:25.551,173.7,200.0
09:36:25.555,173.7,600.0
09:36:25.999,173.7,700.0
09:36:26.515,173.7,700.0
09:36:26.515,173.7,100.0
09:36:26.515,173.7,100.0
09:36:26.522,173.7,1000.0
09:36:26.834,173.8,700.0
09:36:26.903,173.6,100.0
09:36:26.903,173.6,100.0
09:36:26.914,173.8,2600.0
09:36:26.915,173.8,1000.0
09:36:26.915,173.8,100.0
09:36:26.915,173.9,1300.0
09:36:27.030,173.6,800.0
09:36:27.318,173.6,200.0
09:36:27.366,173.6,200.0
09:36:29.698,173.7,100.0
09:36:29.950,173.7,100.0
09:36:29.962,173.7,100.0
09:36:30.018,173.7,800.0
09:36:30.018,173.7,100.0
09:36:30.046,173.7,300.0
09:36:30.046,173.7,300.0
09:36:30.270,173.7,100.0
09:36:30.323,173.8,100.0
09:36:30.354,173.7,100.0
09:36:30.386,173.7,100.0
09:36:30.387,173.7,600.0
09:36:30.406,173.7,100.0
09:36:30.422,173.7,100.0
09:36:30.626,173.7,200.0
09:36:31.550,173.8,500.0
09:36:31.570,173.8,500.0
09:36:31.971,173.7,1800.0
09:36:32.054,173.7,300.0
09:36:33.002,173.7,100.0
09:36:33.482,173.7,100.0
09:36:33.510,173.7,100.0
09:36:33.551,173.7,100.0
09:36:33.614,173.7,100.0
09:36:33.674,173.7,100.0
09:36:34.634,173.7,200.0
09:36:34.714,173.8,400.0
09:36:35.038,173.8,300.0
09:36:35.630,173.7,400.0
09:36:35.630,173.7,200.0
09:36:35.630,173.7,100.0
09:36:35.630,173.7,100.0
09:36:35.630,173.7,100.0
09:36:35.630,173.7,100.0
09:36:35.630,173.7,200.0
09:36:35.630,173.7,200.0
09:36:35.630,173.7,1000.0
09:36:35.630,173.7,600.0
09:36:35.630,173.7,600.0
09:36:35.630,173.7,10000.0
09:36:35.630,173.7,1700.0
09:36:35.630,173.7,100.0
09:36:35.630,173.7,500.0
09:36:35.630,173.7,100.0
09:36:35.630,173.7,100.0
09:36:35.630,173.7,200.0
09:36:35.634,173.8,300.0
09:36:35.634,173.8,3000.0
09:36:35.634,173.8,200.0
09:36:35.634,173.8,100.0
09:36:35.634,173.8,900.0
09:36:36.526,173.8,100.0
09:36:36.806,173.9,100.0
09:36:36.806,173.9,100.0
09:36:36.806,173.9,400.0
09:36:36.918,174.0,100.0
09:36:36.918,174.0,100.0
09:36:36.918,174.0,400.0
09:36:36.918,174.0,100.0
09:36:36.918,174.0,200.0
09:36:36.918,174.1,1300.0
09:36:36.918,174.1,600.0
09:36:36.918,174.1,100.0
09:36:36.918,174.2,100.0
09:36:36.918,174.2,600.0
09:36:36.918,174.2,1200.0
09:36:36.918,174.2,300.0
09:36:36.918,174.2,100.0
09:36:36.918,174.3,1000.0
09:36:36.918,174.3,100.0
09:36:36.918,174.3,1000.0
09:36:36.918,174.3,300.0
09:36:36.918,174.3,600.0
09:36:36.918,174.3,1200.0
09:36:36.918,174.3,200.0
09:36:36.918,174.4,400.0
09:36:38.975,174.1,100.0
09:36:38.975,174.1,200.0
09:36:39.018,174.1,200.0
09:36:39.078,174.1,1500.0
09:36:39.138,174.1,100.0
09:36:39.138,174.1,100.0
09:36:39.138,174.1,100.0
09:36:39.138,174.0,100.0
09:36:39.138,173.9,600.0
09:36:39.138,173.9,100.0
09:36:39.138,173.9,200.0
09:36:39.138,173.9,200.0
09:36:39.138,173.9,100.0
09:36:39.138,173.9,400.0
09:36:39.382,173.9,800.0
09:36:39.382,173.9,400.0
09:36:39.382,173.9,500.0
09:36:39.410,173.9,100.0
09:36:39.459,173.9,100.0
09:36:39.486,173.9,100.0
09:36:39.526,173.9,300.0
09:36:39.538,173.9,200.0
09:36:39.586,173.9,300.0
09:36:39.610,173.9,100.0
09:36:39.610,173.9,2900.0
09:36:42.342,173.9,100.0
09:36:42.518,173.9,500.0
09:36:43.858,174.0,400.0
09:36:44.770,174.0,100.0
09:36:45.282,174.0,100.0
09:36:45.446,174.0,300.0
09:36:45.510,174.0,800.0
09:36:45.579,174.0,600.0
09:36:45.642,174.0,500.0
09:36:46.011,174.0,100.0
09:36:46.202,174.0,100.0
09:36:46.210,174.0,100.0
09:36:46.270,174.2,100.0
09:36:47.982,174.0,100.0
09:36:48.090,174.0,100.0
09:36:48.323,174.0,100.0
09:36:48.466,174.0,100.0
09:36:48.771,174.1,100.0
09:36:51.234,174.0,3200.0
09:36:51.238,174.0,200.0
09:36:51.242,174.0,2600.0
09:36:51.262,174.0,1000.0
09:36:51.267,174.0,12100.0
09:36:51.267,174.0,200.0
09:36:51.267,174.0,500.0
09:36:51.267,174.0,2200.0
09:36:51.267,174.0,200.0
09:36:51.267,174.0,100.0
09:36:51.267,174.0,100.0
09:36:51.311,173.9,100.0
09:36:51.311,173.9,1100.0
09:36:51.311,173.9,200.0
09:36:51.418,174.0,100.0
09:36:51.558,173.8,100.0
09:36:52.042,174.0,200.0
09:36:52.042,174.0,100.0
09:36:52.298,174.0,100.0
09:36:53.326,174.0,500.0
09:36:53.942,173.9,200.0
09:36:53.982,173.9,100.0
09:36:54.130,174.0,100.0
09:36:54.138,173.9,900.0
09:36:54.138,173.9,200.0
09:36:54.206,173.9,1600.0
09:36:54.318,173.9,100.0
09:36:54.354,173.9,1200.0
09:36:54.382,173.9,100.0
09:36:54.430,173.9,100.0
09:36:54.458,173.9,100.0
09:36:54.463,173.9,200.0
09:36:54.522,173.9,400.0
09:36:55.650,173.8,200.0
09:36:56.402,174.0,100.0
09:36:56.474,174.0,100.0
09:36:57.022,173.8,100.0
09:36:57.354,174.0,100.0
09:36:57.354,174.0,100.0
09:36:57.354,174.0,700.0
09:36:57.354,174.0,100.0
09:36:57.358,174.0,2000.0
09:36:57.382,173.9,100.0
09:36:57.418,173.9,100.0
09:36:57.522,173.9,200.0
09:37:00.118,173.9,200.0
09:37:00.118,173.9,200.0
09:37:00.318,173.9,400.0
09:37:00.474,173.9,100.0
09:37:00.606,174.0,100.0
09:37:01.050,174.0,100.0
09:37:01.306,174.1,200.0
09:37:01.791,174.0,100.0
09:37:01.791,174.0,200.0
09:37:02.658,174.0,400.0
09:37:03.182,174.0,400.0
09:37:03.446,174.0,100.0
09:37:03.567,174.0,100.0
09:37:05.914,174.0,100.0
09:37:06.254,174.0,400.0
09:37:06.266,174.0,300.0
09:37:06.266,174.0,100.0
09:37:06.527,174.0,100.0
09:37:06.527,174.0,100.0
09:37:06.527,174.0,500.0
09:37:06.527,174.0,200.0
09:37:06.555,174.0,100.0
09:37:06.630,174.1,100.0
09:37:06.902,174.0,100.0
09:37:06.902,174.0,100.0
09:37:06.942,174.0,200.0
09:37:06.971,174.0,300.0
09:37:07.679,174.0,200.0
09:37:07.679,174.0,500.0
09:37:08.107,174.0,100.0
09:37:08.807,174.0,200.0
09:37:09.666,173.9,100.0
09:37:09.666,174.0,900.0
09:37:09.666,174.0,200.0
09:37:09.666,174.0,100.0
09:37:10.558,174.1,100.0
09:37:10.558,174.1,300.0
09:37:10.558,174.1,100.0
09:37:10.558,174.1,500.0
09:37:10.590,174.1,400.0
09:37:10.590,174.1,400.0
09:37:10.590,174.1,200.0
09:37:10.602,174.1,100.0
09:37:10.631,174.0,400.0
09:37:11.962,174.1,100.0
09:37:12.106,174.1,600.0
09:37:12.258,174.1,300.0
09:37:12.259,174.1,100.0
09:37:12.435,174.1,100.0
09:37:14.979,174.1,300.0
09:37:15.422,174.1,100.0
09:37:16.086,174.1,400.0
09:37:16.087,174.1,100.0
09:37:16.087,174.1,100.0
09:37:16.087,174.1,100.0
09:37:16.087,174.1,100.0
09:37:16.087,174.1,100.0
09:37:16.090,174.1,200.0
09:37:16.091,174.1,200.0
09:37:16.091,174.1,400.0
09:37:16.091,174.1,500.0
09:37:16.091,174.1,100.0
09:37:16.091,174.1,200.0
09:37:16.426,174.15,400.0
09:37:16.746,174.1,100.0
09:37:16.747,174.1,100.0
09:37:17.898,174.1,100.0
09:37:18.266,174.1,100.0
09:37:18.322,174.1,100.0
09:37:20.194,174.2,100.0
09:37:20.195,174.2,1000.0
09:37:20.195,174.2,800.0
09:37:20.374,174.3,200.0
09:37:23.998,174.3,100.0
09:37:23.998,174.3,100.0
09:37:23.998,174.3,1700.0
09:37:23.998,174.3,200.0
09:37:24.390,174.4,200.0
09:37:24.390,174.4,200.0
09:37:24.390,174.4,400.0
09:37:24.390,174.4,400.0
09:37:24.390,174.4,200.0
09:37:25.046,174.4,500.0
09:37:25.374,174.5,100.0
09:37:26.970,174.4,400.0
09:37:27.030,174.4,600.0
09:37:27.291,174.4,100.0
09:37:27.291,174.4,100.0
09:37:27.291,174.4,200.0
09:37:27.291,174.4,100.0
09:37:27.294,174.4,100.0
09:37:27.386,174.5,200.0
09:37:27.711,174.5,100.0
09:37:27.711,174.5,3000.0
09:37:27.711,174.5,200.0
09:37:27.711,174.5,100.0
09:37:27.711,174.5,300.0
09:37:27.711,174.6,300.0
09:37:27.978,174.4,400.0
09:37:28.875,174.6,300.0
09:37:29.406,174.5,100.0
09:37:29.406,174.5,1000.0
09:37:29.406,174.5,100.0
09:37:29.406,174.5,100.0
09:37:29.406,174.5,100.0
09:37:29.406,174.5,500.0
09:37:29.410,174.5,100.0
09:37:29.410,174.5,100.0
09:37:29.410,174.5,100.0
09:37:29.410,174.5,1000.0
09:37:29.410,174.5,400.0
09:37:30.030,174.5,100.0
09:37:30.374,174.6,400.0
09:37:30.378,174.6,100.0
09:37:30.407,174.5,100.0
09:37:30.447,174.5,100.0
09:37:30.462,174.5,100.0
09:37:30.490,174.5,100.0
09:37:30.514,174.5,100.0
09:37:30.566,174.6,400.0
09:37:30.622,174.5,100.0
09:37:30.770,174.4,100.0
09:37:32.850,174.4,500.0
09:37:32.850,174.4,700.0
09:37:32.850,174.4,700.0
09:37:32.850,174.4,200.0
09:37:32.850,174.4,100.0
09:37:32.915,174.3,100.0
09:37:32.915,174.3,100.0
09:37:32.915,174.3,100.0
09:37:32.946,173.2,14.0
09:37:33.102,174.4,300.0
09:37:33.130,174.1,100.0
09:37:33.163,174.1,700.0
09:37:33.191,174.1,300.0
09:37:33.191,174.1,100.0
09:37:33.434,174.2,200.0
09:37:33.435,174.1,300.0
09:37:33.470,174.2,100.0
09:37:34.063,174.2,100.0
09:37:34.366,174.3,300.0
09:37:34.426,173.8,88.0
09:37:34.674,174.3,100.0
09:37:34.974,174.3,700.0
09:37:34.975,174.3,100.0
09:37:35.430,174.3,200.0
09:37:35.431,174.3,200.0
09:37:35.431,174.3,200.0
09:37:35.431,174.3,200.0
09:37:35.431,174.4,300.0
09:37:35.431,174.4,100.0
09:37:35.431,174.4,800.0
09:37:35.431,174.4,200.0
09:37:35.431,174.4,200.0
09:37:35.431,174.4,1600.0
09:37:35.875,174.3,500.0
09:37:35.914,174.4,100.0
09:37:36.174,174.3,100.0
09:37:36.371,174.2,100.0
09:37:36.494,174.2,200.0
09:37:36.823,174.4,100.0
09:37:36.823,174.4,1000.0
09:37:36.823,174.4,400.0
09:37:36.823,174.4,500.0
09:37:38.147,174.4,100.0
09:37:38.147,174.4,200.0
09:37:38.147,174.4,400.0
09:37:38.147,174.4,800.0
09:37:38.147,174.4,200.0
09:37:38.147,174.4,100.0
09:37:38.147,174.5,3000.0
09:37:38.147,174.5,600.0
09:37:38.147,174.5,400.0
09:37:38.147,174.5,100.0
09:37:38.147,174.5,600.0
09:37:38.150,174.5,4000.0
09:37:38.151,174.5,3500.0
09:37:38.151,174.6,3500.0
09:37:38.151,174.6,100.0
09:37:38.151,174.6,100.0
09:37:38.151,174.6,100.0
09:37:38.151,174.6,600.0
09:37:38.151,174.6,1200.0
09:37:38.159,174.6,400.0
09:37:38.383,174.6,1900.0
09:37:39.010,174.4,100.0
09:37:39.066,174.4,300.0
09:37:39.126,174.4,600.0
09:37:39.126,174.4,100.0
09:37:39.154,174.4,500.0
09:37:39.154,174.4,200.0
09:37:39.323,174.3,700.0
09:37:39.450,174.4,100.0
09:37:39.482,174.4,100.0
09:37:39.511,174.4,100.0
09:37:39.511,174.4,100.0
09:37:39.515,174.3,100.0
09:37:39.515,174.3,200.0
09:37:39.515,174.3,100.0
09:37:39.522,174.3,100.0
09:37:39.571,174.3,200.0
09:37:39.854,174.3,300.0
09:37:39.854,174.3,400.0
09:37:40.259,174.3,100.0
09:37:40.259,174.2,600.0
09:37:41.375,174.4,200.0
09:37:41.391,174.4,100.0
09:37:42.010,174.3,100.0
09:37:42.070,174.3,100.0
09:37:42.314,174.3,100.0
09:37:42.414,174.3,100.0
09:37:42.446,174.3,100.0
09:37:42.602,174.3,100.0
09:37:42.630,174.2,100.0
09:37:43.147,174.5,600.0
09:37:43.147,174.5,100.0
09:37:43.147,174.5,100.0
09:37:43.262,174.2,100.0
09:37:43.294,174.2,100.0
09:37:43.414,174.3,100.0
09:37:43.526,174.3,100.0
09:37:44.515,174.3,1000.0
09:37:44.575,174.2,100.0
09:37:45.050,174.2,100.0
09:37:45.370,174.2,100.0
09:37:45.474,174.4,500.0
09:37:46.770,174.4,100.0
09:37:48.110,174.3,200.0
09:37:48.214,174.3,100.0
09:37:48.215,174.3,100.0
09:37:48.215,174.2,400.0
09:37:48.254,174.2,100.0
09:37:49.394,174.4,900.0
09:37:49.394,174.4,1000.0
09:37:49.394,174.4,200.0
09:37:49.394,174.4,600.0
09:37:49.394,174.4,800.0
09:37:49.394,174.5,100.0
09:37:49.394,174.5,200.0
09:37:49.394,174.5,600.0
09:37:49.394,174.5,200.0
09:37:49.394,174.5,200.0
09:37:49.394,174.5,200.0
09:37:49.394,174.5,400.0
09:37:49.394,174.5,500.0
09:37:49.394,174.5,200.0
09:37:49.394,174.5,600.0
09:37:49.394,174.5,100.0
09:37:49.394,174.5,100.0
09:37:49.398,174.5,200.0
09:37:49.402,174.5,12900.0
09:37:49.606,174.5,200.0
09:37:49.606,174.5,400.0
09:37:50.374,174.5,600.0
09:37:50.374,174.5,1000.0
09:37:50.374,174.5,200.0
09:37:50.939,174.4,100.0
09:37:50.939,174.3,100.0
09:37:50.966,174.3,100.0
09:37:51.018,174.3,100.0
09:37:51.094,174.3,100.0
09:37:51.310,174.3,100.0
09:37:51.310,174.3,100.0
09:37:51.399,174.3,100.0
09:37:51.403,174.3,100.0
09:37:51.454,174.3,100.0
09:37:51.466,174.3,100.0
09:37:51.526,174.3,100.0
09:37:51.574,174.2,100.0
09:37:51.606,174.2,100.0
09:37:51.634,174.2,100.0
09:37:51.635,174.2,100.0
09:37:52.071,174.2,100.0
09:37:52.230,174.2,100.0
09:37:52.283,174.2,100.0
09:37:52.310,174.2,100.0
09:37:52.430,174.2,100.0
09:37:52.430,174.2,800.0
09:37:52.498,174.2,100.0
09:37:52.527,174.2,100.0
09:37:52.666,174.2,100.0
09:37:52.886,174.2,100.0
09:37:53.890,174.2,100.0
09:37:53.946,174.2,100.0
09:37:54.414,174.2,100.0
09:37:54.522,174.2,100.0
09:37:55.719,174.5,600.0
09:37:55.719,174.5,200.0
09:37:55.719,174.5,200.0
09:37:55.719,174.5,600.0
09:37:55.719,174.5,800.0
09:37:55.719,174.5,300.0
09:37:56.998,174.5,100.0
09:37:57.079,174.5,2100.0
09:37:57.358,174.5,100.0
09:37:57.535,174.5,2500.0
09:37:57.539,174.5,200.0
09:37:58.306,174.5,100.0
09:37:59.958,174.5,1700.0
09:37:59.958,174.5,500.0
09:37:59.958,174.5,100.0
09:37:59.958,174.5,100.0
09:37:59.958,174.5,500.0
09:37:59.958,174.5,100.0
09:37:59.958,174.5,100.0
09:37:59.958,174.5,100.0
09:37:59.962,174.5,200.0
09:37:59.962,174.5,100.0
09:37:59.962,174.5,100.0
09:38:00.026,174.5,100.0
09:38:00.027,174.4,500.0
09:38:00.027,174.4,100.0
09:38:00.062,174.4,300.0
09:38:00.142,174.4,200.0
09:38:00.142,174.4,400.0
09:38:00.142,174.4,100.0
09:38:00.142,174.4,200.0
09:38:00.142,174.4,300.0
09:38:00.178,174.4,100.0
09:38:00.223,174.6,300.0
09:38:00.255,174.4,100.0
09:38:00.358,174.4,100.0
09:38:00.358,174.4,100.0
09:38:00.358,174.4,100.0
09:38:00.358,174.4,200.0
09:38:00.590,174.5,100.0
09:38:03.026,174.4,100.0
09:38:03.026,174.4,100.0
09:38:03.054,174.4,600.0
09:38:03.262,174.4,100.0
09:38:03.435,174.5,100.0
09:38:03.798,174.5,100.0
09:38:04.294,174.4,100.0
09:38:04.294,174.4,100.0
09:38:04.490,174.4,100.0
09:38:05.094,174.4,100.0
09:38:06.074,174.4,300.0
09:38:06.074,174.4,1700.0
09:38:06.114,174.4,200.0
09:38:06.127,174.4,100.0
09:38:06.127,174.4,100.0
09:38:06.426,174.4,100.0
09:38:06.454,174.3,100.0
09:38:06.618,174.3,100.0
09:38:07.002,174.3,100.0
09:38:07.002,174.4,1000.0
09:38:07.882,174.4,100.0
09:38:08.122,174.4,100.0
09:38:08.651,174.4,100.0
09:38:09.102,174.4,400.0
09:38:09.318,174.4,500.0
09:38:09.571,174.4,100.0
09:38:09.599,174.4,100.0
09:38:12.474,174.5,100.0
09:38:12.658,174.6,600.0
09:38:12.938,174.5,100.0
09:38:12.938,174.5,1000.0
09:38:12.938,174.5,600.0
09:38:12.938,174.4,300.0
09:38:14.986,174.4,100.0
09:38:15.078,174.4,500.0
09:38:15.350,174.4,100.0
09:38:15.763,174.5,200.0
09:38:17.059,174.5,100.0
09:38:17.059,174.5,100.0
09:38:17.059,174.5,100.0
09:38:17.059,174.5,100.0
09:38:17.059,174.5,100.0
09:38:17.062,174.5,100.0
09:38:18.742,174.5,200.0
09:38:18.919,174.6,100.0
09:38:18.919,174.6,300.0
09:38:18.919,174.6,800.0
09:38:18.919,174.6,100.0
09:38:18.919,174.6,400.0
09:38:18.919,174.6,200.0
09:38:18.923,174.6,600.0
09:38:18.923,174.6,200.0
09:38:18.923,174.6,100.0
09:38:18.923,174.6,300.0
09:38:18.923,174.6,100.0
09:38:18.923,174.6,300.0
09:38:19.198,174.6,600.0
09:38:19.198,174.6,1000.0
09:38:19.198,174.5,700.0
09:38:19.198,174.5,200.0
09:38:19.198,174.5,500.0
09:38:20.674,174.6,600.0
09:38:20.674,174.6,100.0
09:38:21.062,174.5,100.0
09:38:21.155,174.5,400.0
09:38:21.198,174.5,200.0
09:38:21.199,174.5,100.0
09:38:21.199,174.5,100.0
09:38:21.199,174.5,100.0
09:38:21.419,174.4,200.0
09:38:21.419,174.4,100.0
09:38:21.419,174.4,200.0
09:38:21.419,174.4,100.0
09:38:21.447,174.4,100.0
09:38:21.594,174.5,100.0
09:38:21.655,174.5,100.0
09:38:21.950,174.5,400.0
09:38:21.950,174.5,100.0
09:38:22.162,174.5,100.0
09:38:24.130,174.6,100.0
09:38:24.130,174.6,100.0
09:38:24.130,174.5,100.0
09:38:24.218,174.5,100.0
09:38:24.326,174.5,100.0
09:38:25.010,174.6,100.0
09:38:25.810,174.6,100.0
09:38:25.810,174.6,300.0
09:38:26.167,174.6,100.0
09:38:26.655,174.6,100.0
09:38:26.655,174.6,100.0
09:38:26.655,174.6,100.0
09:38:26.918,174.5,100.0
09:38:27.290,174.5,100.0
09:38:28.970,174.7,400.0
09:38:30.354,174.5,100.0
09:38:30.606,174.5,100.0
09:38:31.082,173.5,16.0
09:38:32.815,174.5,100.0
09:38:33.566,174.6,300.0
09:38:34.874,174.7,600.0
09:38:34.875,174.7,100.0
09:38:34.875,174.7,200.0
09:38:34.875,174.7,200.0
09:38:34.875,174.7,200.0
09:38:34.875,174.7,700.0
09:38:34.875,174.7,1000.0
09:38:34.875,174.7,100.0
09:38:36.026,174.6,500.0
09:38:36.050,174.6,200.0
09:38:36.050,174.6,200.0
09:38:36.467,174.6,100.0
09:38:38.822,174.6,100.0
09:38:38.822,174.6,200.0
09:38:39.070,174.8,300.0
09:38:39.070,174.8,200.0
09:38:40.066,174.6,600.0
